2354 3412
560 74 617 130 174

111 236 150 292 sit
178 234 232 290 nisi
257 235 291 290 ab
317 233 368 290 hoc
386 233 469 289 illovc
488 234 612 306 appetitu
633 234 788 300 abstracte,
815 252 903 307 neque
922 239 1043 307 praeterea

113 317 142 372 in
161 321 259 372 natura
271 315 382 371 realiter
394 315 531 380 existens,
552 314 623 370 nihil
636 315 718 370 etiem
727 353 736 380 ‚
756 321 887 386 tanquam
900 314 974 377 tale.
992 330 1042 371 cau·
1092 350 1094 397 3

111 413 173 451 sare
186 400 284 468 potest.

314 790 438 846 CAPUT
457 791 640 847 DECIMUM
658 791 854 846 OCTAVUM.

344 965 383 1003 Du
400 964 649 1004 Pssnmcmumnt'rlum
668 963 831 1003 unumne.

149 1090 218 1144 (lum
247 1089 397 1145 viderimus
425 1091 577 1156 hominem,
606 1090 705 1163 quippe
736 1090 821 1146 totius
846 1109 863 1146 a
885 1109 939 1164 qua
961 1090 1049 1163 pendet

112 1171 272 1241 regiturque
302 1174 416 1225 naturae
438 1175 557 1243 partem,
588 1188 622 1224 ex
641 1188 669 1224 se
688 1171 747 1241 ipso
766 1171 800 1224 ed
820 1170 936 1226 salutem
955 1171 1049 1227 veletu·

1 1245 3 1252 ’
112 1250 260 1321 dinemque
279 1267 356 1305 suem
375 1250 444 1305 nihil
464 1249 566 1306 efficere
585 1267 679 1321 posse,
700 1249 842 1305 videamus
857 1249 914 1319 jam
929 1266 1051 1323 quaenam

114 1329 251 1386 utilitates
279 1347 313 1384 ex
342 1330 415 1386 hisce
433 1329 665 1402 propositionibus
685 1329 762 1384 nobis
781 1329 936 1400 procusum
966 1333 993 1384 et
1010 1329 1052 1384 hoc

112 1428 147 1465 eo
167 1409 271 1480 magis,
291 1411 355 1481 quia
374 1428 428 1465 non
447 1409 605 1465 dubitemus
623 1409 690 1480 quin
709 1407 873 1480 quibusdam
894 1425 949 1464 non
967 1425 1053 1480 parum

113 1489 305 1561 displiciturae
324 1491 387 1547 sint.

150 1649 238 1701 Primo
264 1648 387 1719 sequitur
414 1649 496 1710 inde,
525 1647 598 1720 quod
624 1646 658 1702 ab
677 1644 726 1701 illo
744 1645 816 1718 quod
837 1647 1056 1716 perfectissimum

110 1735 171 1790 est,
206 1728 245 1781 ita
272 1726 453 1798 pendeamus,
486 1738 517 1782 nt
545 1733 675 1798 tanquam
704 1728 789 1781 totins
818 1726 837 1780 i.
858 1745 882 1780 e.
904 1727 965 1797 ejus
984 1744 1054 1799 pars,

114 1811 238 1861 nostrum
267 1808 348 1861 etiam
374 1806 551 1862 adhibeamus
576 1807 610 1860 ad
630 1804 770 1861 efficienda
788 1810 830 1858 tot
849 1805 918 1859 bene
937 1806 1057 1861 ordinata

112 1891 143 1940 et
161 1887 281 1956 perfecta
301 1904 382 1957 opera
401 1904 469 1958 quae
489 1885 523 1941 ab
542 1904 574 1941 eo
586 1886 740 1957 pendeant,
760 1885 823 1939 inde
837 1883 926 1955 (dico)
941 1885 1057 1959 seqnitur

115 1985 165 2022 nos
184 1986 246 2022 vere
265 1968 394 2033 tumulos,
416 1969 471 2023 imo
485 1986 576 2023 servos
591 1969 644 2024 Dei
657 1987 715 2023 esse
728 1969 931 2041 maximamque
944 1976 1057 2026 nostram

111 2066 173 2104 esse
192 2049 403 2119 perlectionem,
422 2049 474 2105 hoc
488 2049 645 2117 „necessario
664 2067 730 2105 esse.

151 2287 265 2340 Secundo
283 2287 365 2341 etiam
385 2285 450 2342 haec
469 2287 589 2357 cognitio
609 2286 704 2350 efficit,
736 2293 786 2352 ut,
808 2287 955 2358 praecipua
974 2287 1059 2359 aliqua

114 2384 142 2420 re
163 2373 288 2437 peracta,
308 2365 342 2420 de
361 2383 392 2419 ea
411 2383 465 2420 non
485 2365 673 2438 superbiamus
693 2369 775 2438 (quae
789 2366 915 2438 superbia
928 2371 1060 2423 causaest

114 2454 163 2508 ut,
194 2445 298 2518 aliquid
327 2447 418 2516 magni
444 2464 493 2501 nos
522 2451 680 2518 reputantes
699 2454 726 2500 et
745 2448 822 2518 quasi
842 2445 929 2502 nihilo
949 2446 1059 2518 amplius

114 2532 241 2598 egentes,
262 2527 391 2581 sistamus
410 2527 456 2580 ubi
473 2526 529 2596 jam
549 2543 654 2588 sumum
679 2526 752 2597 quod
769 2526 871 2580 directe
885 2533 991 2598 pugnat
1002 2543 1061 2582 cnm

112 2607 278 2677 perfectione
298 2611 404 2668 nostra,
425 2605 453 2660 in
473 2624 505 2660 eo
524 2607 706 2669 consistente,
727 2606 799 2678 quod
819 2623 925 2677 semper
940 2604 1061 2678 progredi

109 2688 204 2742 conari
234 2687 389 2755 debemus);
419 2687 466 2741 sed
493 2687 662 2743 econtrario
682 2686 773 2740 omnia
791 2704 860 2757 quse
880 2687 987 2757 agimus
1005 2687 1062 2743 Deo

111 2767 332 2831 contribuamus,
359 2767 459 2838 quippe
478 2769 524 2838 qui
544 2768 630 2839 prima
649 2767 760 2839 solaque
779 2784 861 2822 cause
881 2774 922 2822 est
942 2767 1062 2823 omniurn

112 2866 182 2922 quae
202 2848 309 2919 agimus
327 2846 520 2919 efficimusque.
