2354 3412
553 89 610 150 136

146 251 229 313 Quod
247 251 280 306 ad
299 250 524 306 Aestimationem
544 256 571 307 et
590 253 796 324 Contemptum,
814 253 854 310 nii
871 232 1036 331 amplimoif

112 333 229 468 qqqqinqqq
246 336 301 388 eet:
325 332 479 388 meminisse
496 337 605 390 tentum
620 333 701 404 juvat
719 332 792 406 qnod
810 337 891 390 antea
907 334 940 390 de
955 332 1045 427 anot?

431 784 555 841 CAPUT
584 739 734 841 Nouum.

167 975 205 1013 DE
222 973 273 1013 SPE
291 973 327 1024 ΕΤ
344 973 437 1020 ΜΕΤΠῖ
458 973 497 1011 ΒΕ
514 973 708 1021 smoummn,
727 973 765 1012 DE
782 971 997 1014 nmsreafflon

201 1054 237 1093 ET
254 1053 486 1098 ennomuffloum:
515 1053 553 1092 DE
571 1053 813 1101 ῙΝΠΕΡΙΒῙΤΑΤΕ,
839 1052 966 1094 ΔΠΒΔῦῙΔ

243 1133 277 1172 ΕΤ
305 1132 531 1177 Ammumloum:
560 1133 599 1171 DE
617 1131 872 1173 CONSTERNAOEIONI
891 1131 926 1170 H

278 1211 556 1256 Pusmuammanam.
572 1213 700 1260 memque
712 1212 751 1251 DE
762 1212 890 1252 Iuvmuu.

151 1450 197 1504 Ad
220 1449 475 1512 demonstrandum,
504 1450 608 1522 qualea-
623 1451 672 1504 hae
691 1450 848 1522 passionen,
877 1452 906 1504 et
922 1462 1045 1522 quaenam

118 1545 208 1584 earum
229 1529 306 1584 nobis
326 1528 407 1584 atilae
434 1529 478 1583 vel
497 1530 682 1585 incommodae
695 1531 765 1594 sint,
786 1529 960 1585 attendamus
977 1540 1045 1601 opor

117 1612 158 1743 qeg
175 1608 318 1743 ffiffieas’
338 1627 405 1681 quae
424 1609 496 1665 eirea
515 1627 557 1664 res
569 1609 675 1666 futuras
689 1608 851 1675 habeamus,
871 1608 1045 1668 sintneboun

155 1846 236 1902 ideas
254 1864 322 1918 quas
340 1847 374 1900 de
393 1846 473 1902 rebus
492 1846 636 1911 habemus,
657 1846 794 1916 pertinent
813 1845 871 1900 sive

154 1928 178 1983 l.
197 1927 230 1982 ad
251 1927 400 1998 nosipsos,
421 1928 477 1982 sive

155 2008 178 2063 2.
197 2007 231 2062 ad
250 2025 327 2070 enm,
348 2007 394 2078 qui
413 2006 488 2061 ideas
508 2005 596 2061 habet.

154 2086 236 2142 Ideae
252 2103 324 2158 quae
343 2085 377 2140 ad
396 2103 439 2140 res
457 2086 530 2157 ipsae
549 2085 702 2156 pertinent,
722 2088 786 2140 aunt
805 2085 862 2139 sive

153 2167 178 2223 1.
197 2166 269 2239 quod
297 2183 340 2221 nee
357 2183 374 2230 a
393 2165 471 2220 nobis
490 2168 619 2236 tanquam
637 2164 778 2236 possibiles
797 2163 963 2229 habeantur,
987 2161 1011 2216 h.
1035 2172 1045 2206 ⁴

119 2245 190 2318 quod
210 2246 267 2300 fieri
287 2247 388 2317 queant
406 2243 449 2298 vel
469 2249 620 2316 nequeant:
642 2243 699 2298 eive

155 2325 181 2378 2.
202 2324 273 2394 quod
293 2322 446 2378 necessario
464 2322 572 2377 futurae
592 2322 656 2377 sint.

157 2482 238 2538 Ideae
259 2483 330 2552 quod
350 2482 384 2538 ad
403 2500 481 2546 eum,
502 2480 548 2552 qui
567 2497 612 2534 eas
632 2479 728 2544 habet,
748 2483 813 2534 suut
832 2479 889 2535 sive

156 2563 182 2617 1.
203 2561 228 2616 ei
246 2561 350 2633 aliquid
369 2561 504 2633 agendum
524 2577 599 2625 ease,
619 2565 650 2614 ut
668 2576 711 2614 ree
728 2559 837 2614 evenire
855 2557 954 2620 faeiat:
974 2556 1030 2612 eive

158 2722 184 2775 2.
205 2721 229 2774 ei
249 2721 352 2793 aliquid
371 2720 520 2792 agendum,
541 2723 572 2774 ut
590 2719 721 2789 impediat
739 2717 883 2789 quominus
903 2715 1039 2773 eveniant.

160 2879 270 3014 Quilbus
297 2897 329 2934 ex
358 2880 427 2936 idaia
455 2879 540 2951 igitur
558 2895 651 2934 omnes
669 2878 719 2932 hae
738 2877 876 2948 passiones
895 2876 946 2932 hae
964 2874 1045 2932 ration

125 2976 203 3031 prooe
224 2964 284 3016 nnt.
