2354 3412
557 81 615 140 110

413 293 537 350 CAPUT
556 292 759 352 QUARTUM.

127 486 202 534 cmc
219 486 237 524 n
254 486 322 524 rrcu
341 484 510 526 rsovcursr
528 485 565 524 nr
582 486 622 546 nn
640 485 782 525 nomrnurr
800 483 879 525 cono
898 483 934 523 ur
953 486 1045 526 nmo

149 646 224 705 Quia
242 646 271 701 in
290 646 380 717 capite
398 644 577 717 praecedente
596 645 859 709 demonstravimus,
880 644 1045 718 quemodoa

112 726 250 796 opinionis
281 743 370 780 errore
398 728 537 798 passiones
565 726 705 787 oriantur,
735 725 793 795 jam
821 725 998 780 transibimus
1023 738 1045 778 al

112 805 256 877 utriusque
284 804 355 860 alius
379 806 545 877 cognitionis
564 805 637 860 modi
657 805 786 869 effectus,
815 807 842 857 et
855 804 965 876 quidem
977 804 1045 874 princ

113 884 204 949 illius,
239 903 319 957 quam
354 903 445 939 veram
480 886 558 940 fidem
591 885 709 940 diximus
733 885 762 953 ¹).
798 884 855 943 Qui
881 875 1045 954 cognoscendi

115 965 211 1019 modus
239 964 318 1019 nobis
342 965 463 1019 ostendit
481 965 607 1036 quidem,
636 965 771 1037 quomodo
790 981 833 1018 res
852 981 881 1017 se
901 964 996 1018 habere
1011 960 1045 1016 de·

114 1045 215 1108 beant,
245 1061 294 1100 nec
320 1061 385 1098 vero
413 1045 548 1116 quomodo
576 1062 670 1100 revera
699 1045 770 1104 sint:
799 1061 869 1116 quae
897 1060 979 1099 causa
1003 1045 1045 1104 est,

113 1140 164 1178 eur
192 1141 241 1177 nos
271 1140 410 1194 nunquam
440 1140 501 1178 cum
531 1142 559 1179 re
578 1124 682 1181 eredita
701 1123 773 1178 uniri
792 1123 885 1178 faeiat.
924 1122 992 1179 Dico
1007 1118 1045 1192 igi·

114 1207 176 1266 tur,
197 1220 258 1257 eum
278 1201 358 1258 nobis
378 1203 567 1257 tantummodo
587 1205 729 1259 ostendere
748 1205 814 1277 quid
833 1222 890 1258 ram
909 1223 966 1259 esse
984 1218 1045 1276 opor·

115 1287 192 1348 teat,
220 1299 275 1336 non
303 1299 368 1337 vero
397 1282 487 1354 qualis
518 1283 568 1344 sit:
599 1285 670 1338 inter
690 1289 836 1356 utrumque
854 1283 927 1339 euim
947 1284 1045 1339 multum

115 1364 243 1423 iuterest;
274 1379 353 1425 nam,
383 1362 424 1416 uti
456 1361 517 1433 quis
545 1363 799 1434 proportionalitate
827 1364 950 1419 invenire
973 1362 1045 1435 ponc

117 1445 243 1513 quartum
274 1459 433 1506 numerum,
465 1442 511 1513 qui
531 1442 565 1495 ad
584 1444 713 1508 tertium,
743 1444 784 1498 uti
804 1442 941 1498 secundus
960 1443 992 1498 ad
1008 1439 1045 1514 pli⁴

117 1539 205 1583 mum,
237 1520 276 1575 lta
304 1521 385 1577 etiam
414 1519 562 1590 (divisione
581 1525 610 1576 et
628 1522 858 1594 multiplicatione
877 1526 956 1592 usus)
974 1522 1045 1578 dicen

147 2049 171 2105 ll
187 2046 254 2093 Fides
271 2045 337 2092 tortis
353 2051 388 2093 est
405 2046 517 2092 rationum
534 2047 666 2105 attestatio,
682 2061 726 2105 qua
734 2047 758 2093 in
767 2046 884 2093 intellectu
893 2061 943 2092 mec
951 2057 1045 2106 pammac

114 2134 164 2165 sam
188 2133 234 2165 rem
252 2133 328 2165 revera
344 2121 366 2163 at
382 2117 449 2163 talem
466 2122 528 2164 extra
543 2117 681 2164 intellectum
698 2133 769 2164 meum
786 2133 845 2174 esse,
871 2131 898 2163 ac
913 2117 937 2163 in
953 2116 1045 2163 intensor

115 2204 234 2249 persuasus
252 2203 308 2235 sum.
339 2188 427 2236 Fortem
442 2190 552 2236 emiorum
567 2188 617 2235 dico
633 2189 802 2245 attestationem,
821 2203 899 2249 nempe
916 2188 944 2235 ad
960 2202 1005 2234 earu
1019 2183 1045 2230 dil

114 2260 259 2320 tinguendum
283 2259 311 2306 ab
327 2259 447 2319 opinione,
472 2273 528 2318 quaa
545 2274 630 2320 semper
646 2259 712 2306 dubia
728 2266 751 2306 et
766 2259 839 2306 errori
855 2260 956 2319 subjecta
972 2263 1017 2315 cst,
1036 2269 1045 2300 ε

116 2346 129 2376 a
153 2330 283 2390 cognitione
303 2345 359 2389 quae
375 2344 421 2375 non
437 2329 460 2376 in
477 2331 589 2377 rationum
605 2330 759 2390 persuasione,
784 2329 861 2377 sedin
878 2330 1002 2377 immediata
1015 2322 1045 2374 cul

116 2416 159 2448 one
184 2417 232 2448 cum
250 2416 273 2448 re
289 2400 338 2461 ipsa
354 2400 467 2447 consistit.
497 2402 549 2447 Item
565 2417 641 2448 revera
657 2407 678 2450 et
693 2403 758 2448 lolem
774 2406 838 2448 extra
854 2402 985 2448 intellectam
999 2408 1045 2444 m

114 2489 163 2520 esee
178 2472 242 2523 dieo:
257 2487 334 2520 revera
350 2487 430 2532 nempe
445 2471 498 2530 quia
514 2472 612 2518 rationes
629 2487 663 2518 rna
679 2473 720 2518 hae
736 2471 876 2518 inresallere
892 2464 1045 2531 emesenam

116 2544 190 2590 micus
207 2544 281 2600 enim,
297 2543 325 2590 ab
340 2543 448 2604 opinione
464 2558 510 2588 non
526 2542 625 2589 diversae
639 2549 714 2589 essent
722 2561 729 2600 3
753 2545 835 2590 talem:
852 2541 924 2589 solum
940 2526 997 2588 enlm
1011 2535 1045 2584 rull

116 2615 191 2662 (licere
215 2619 289 2675 potest
310 2613 362 2673 quid
379 2629 424 2660 rem
441 2629 489 2660 essa
505 2619 608 2674 oporteat
623 2628 663 2659 nee
680 2612 799 2671 veroquid
817 2627 892 2659 revera
908 2612 938 2659 sit
947 2631 954 2669 3
977 2603 1045 2658 sicul

117 2701 159 2733 nus
175 2685 251 2742 enim,
272 2699 285 2730 a
301 2684 432 2745 cognitione
447 2699 494 2730 non
509 2683 614 2731 differret.
646 2682 737 2731 Extra:
753 2682 936 2729 intellectualiter
951 2682 1006 2728 euin
1019 2691 1045 2724 nc

118 2772 164 2803 non
180 2757 220 2803 illo
236 2756 281 2802 frui
296 2755 351 2802 lacit
366 2755 426 2815 quod
442 2756 465 2802 in
482 2755 558 2814 nobis,
574 2753 611 2802 sod
627 2754 685 2814 quod
702 2758 764 2800 extra
780 2769 821 2799 uos
837 2757 879 2801 eat.
