2354 3412
563 113 601 170 26

144 272 234 327 Causa
261 273 347 345 igitur
374 274 500 337 dicendi,
527 275 600 347 quod
625 275 717 330 emnia
735 276 789 330 ista
807 276 955 338 attributa,
984 295 1053 348 quae

109 352 138 405 iu
161 357 260 407 natura
278 358 362 416 sunt,
392 355 520 409 nonnisi
540 373 595 409 una
613 356 668 410 sint
688 355 843 410 substantie
862 373 912 411 nec
931 356 1054 411 diversae

109 431 221 503 (quippe
241 450 308 504 quas
328 434 401 487 inter
419 452 447 488 se
467 434 635 506 distinguere
654 440 682 491 et
695 435 824 490 distinete
837 435 979 506 concipere
992 453 1053 506 pos·

36 577 40 592 ι
108 510 205 575 simus)
226 517 291 566 sunt
310 518 472 583 sequentes:

145 592 170 644 l.
191 592 256 663 qnia
271 593 328 663 jam
348 594 423 663 prius
444 593 599 648 invenimus
615 595 732 649 existere
745 595 842 648 debere
855 613 903 649 ens
916 594 1055 648 infinitum

109 673 136 724 et
155 672 319 741 perfectum,
339 690 387 743 per
405 671 478 744 quod
498 671 567 727 nihil
586 673 662 728 eliud
675 674 793 745 intelligi
807 678 913 745 potest,
935 674 988 727 nisi
1002 672 1057 727 tale

110 749 143 801 de
156 767 210 821 quo
223 752 314 806 omnia
327 751 355 806 in
369 752 495 806 omnibus
510 752 565 807 diei
579 753 686 807 debent.
708 754 783 814 Quid
798 755 889 808 euim!
911 753 968 807 euti
982 754 1056 825 quod

110 831 255 884 essentiam
274 831 394 903 aliquam
414 832 512 896 habet,
532 832 667 887 attributa
685 832 749 902 poni
769 831 884 894 debent,
906 837 933 886 et
952 837 1056 902 quanto

110 908 171 978 plus
190 913 325 966 essentiae
344 912 369 966 ei
379 910 560 974 adscribitur,
581 912 748 984 tantoplura
759 911 892 966 attributa
903 913 927 966 ei
937 912 1057 968 adscribi

109 987 225 1053 debent;
247 991 340 1062 itaque
360 991 407 1044 ubi
426 1008 475 1044 ens
494 995 536 1045 est
548 991 684 1046 inlinitum
695 996 724 1045 et
733 991 868 1046 attributa
878 991 936 1062 ejus
947 993 1057 1047 infinita

111 1086 169 1123 esse
188 1069 305 1127 debent:
331 1074 359 1124 et
378 1070 428 1125 hoc
447 1070 536 1141 ipsum
555 1071 688 1141 estquod
708 1071 824 1126 dicimus
843 1089 891 1126 ens
910 1072 1057 1128 infinitum.

145 1546 170 1597 2.
191 1545 307 1615 Propter
322 1543 472 1606 unitatem,
493 1561 573 1615 quam
586 1544 686 1616 ubique
698 1544 727 1598 in
741 1548 840 1598 natura
852 1544 993 1609 videmus,
1014 1544 1056 1599 in-

109 1641 162 1694 qua
181 1625 204 1676 si
223 1625 372 1678 existerent
391 1624 470 1694 plura
488 1624 655 1687 telicentia‚
675 1642 760 1678 uuum
773 1641 835 1678 cum
848 1624 1057 1680 alteroomnino

111 1719 166 1756 non
186 1702 258 1756 uniri
276 1709 368 1773 posset
382 1704 399 1757 ¹.

51 1860 56 1866 ’
145 1863 170 1918 3.
197 1861 286 1927 Quia,
316 1862 358 1917 uti
383 1863 441 1932 jam
458 1861 578 1916 vidimus
597 1863 668 1934 quod
688 1881 742 1916 una
765 1861 920 1916 substantia
938 1861 1053 1916 alteram

110 1941 258 2012 producere
286 1945 420 2013 nequeat,
456 1959 506 1996 nee
534 1941 631 2005 etiam,
667 1942 689 1995 si
722 1940 786 1996 talis
815 1941 969 1995 substantia
998 1958 1054 1994 non

109 2027 165 2084 est,
196 2022 282 2092 possit
310 2012 379 2076 esse‘
396 2021 515 2092 incipere
533 2023 575 2090 2),
608 2025 728 2076 attamen
756 2021 896 2081 ridemus,
927 2020 1001 2091 qood
1027 2020 1057 2074 in

140 2285 163 2343 l)
191 2284 211 2330 Ι.
228 2299 247 2330 e.
257 2281 282 2329 Si
290 2282 390 2328 diversae
397 2286 472 2329 essent
481 2281 631 2338 substantiae,
648 2296 704 2340 quae
713 2295 758 2327 non
765 2279 794 2326 sd
803 2280 892 2326 unicum
900 2279 1009 2338 quoddam
1018 2293 1059 2325 ens

106 2357 252 2413 referrentur,
277 2355 331 2402 unio
355 2355 404 2402 fieri
423 2361 539 2413 sequeret,
564 2353 617 2412 quia
634 2352 692 2398 clare
708 2351 807 2397 videmus
823 2366 861 2396 eas
879 2351 962 2396 nullam
979 2350 1060 2396 habere

106 2430 189 2475 interne
213 2426 402 2484 communionem,
426 2426 461 2473 uti
478 2425 638 2485 cogitationem
655 2427 678 2468 et
693 2421 844 2468 extensionem
861 2436 874 2468 a
889 2421 969 2480 quitus
985 2427 1060 2467 temen

109 2497 259 2546 consistimus.

137 2642 162 2698 ὓ)
179 2640 200 2685 Ι.
216 2654 235 2686 e.
252 2638 277 2685 Si
286 2638 347 2685 nulla
356 2635 481 2684 substantia
490 2635 533 2682 nisi
541 2635 639 2682 existens
649 2639 697 2679 csse
705 2631 792 2692 possit,
808 2646 850 2679 nee
857 2636 931 2678 tamen
940 2628 1059 2678 existentia

106 2727 133 2758 ex
156 2713 205 2770 eJus
228 2709 325 2755 essentia
349 2712 455 2767 sequatur
462 2742 468 2764 ,
493 2720 542 2751 eum
559 2704 649 2751 seorsim
668 2703 805 2763 concipitur,
831 2702 931 2761 sequitur
948 2717 996 2748 eaor
1013 2713 1059 2745 non

104 2796 152 2828 csse
167 2779 251 2839 aliquid
267 2794 306 2839 per
321 2794 358 2836 se,
373 2778 411 2824 sed
427 2776 510 2835 aliquid
528 2777 552 2834 (i.
569 2792 588 2822 e.
605 2775 748 2832 attributum)
765 2773 938 2832 aliusoansdam
954 2787 1003 2818 esse
1022 2771 1056 2818 tle·

105 2853 156 2898 hers
172 2851 187 2899 i.
204 2867 223 2898 e.
240 2850 298 2897 entis
314 2850 376 2896 unici
392 2850 427 2895 vel
445 2847 550 2894 universi.
582 2847 626 2893 Vel
641 2848 708 2894 etism
725 2847 774 2893 ita:
791 2848 864 2892 omnis
882 2844 1009 2892 substantia
1025 2851 1058 2892 est

105 2922 215 2979 existens,
230 2935 273 2966 neo
287 2919 406 2966 existentia
420 2919 487 2965 ullius
504 2916 641 2965 substantiae
653 2917 677 2963 iu
691 2932 715 2964 ss
729 2923 849 2977 conceptae
862 2932 888 2964 ex
904 2918 952 2975 ejus
961 2915 1057 2962 meantia
