2354 3412
635 139 693 197 106

191 301 235 356 vel
260 301 399 374 aooeplius
417 304 574 373 eognoscat.
610 300 666 355 Ubi
694 315 776 363 vero,
804 300 835 352 ut
860 296 1019 368 plerumque
1038 298 1084 353 heo
1099 297 1124 350 in

188 400 233 446 re,
259 383 361 438 accidit
379 399 441 436 enm
461 380 557 435 melina
576 379 680 452 aliquid
701 397 781 452 quem
800 379 902 434 bonum
921 379 995 434 istud
1016 376 1123 434 animad-

189 466 311 528 vertere,
331 480 407 518 amor
425 463 484 533 ejus
503 462 579 517 illino
597 464 632 517 ab
653 479 706 517 uno
725 461 759 516 ad
779 459 894 515 alterum
909 477 937 514 ae
948 461 1039 516 vertit.
1056 459 1126 520 Quae·
1151 522 1154 527 Ι

189 543 280 598 omnia
308 543 409 599 elarius
437 541 684 597 demonstrabimus
712 541 742 596 in
770 544 891 596 traotatu
916 539 950 593 de
970 538 1081 595 hominis
1096 535 1121 592 li·

190 623 305 678 bertate.

224 781 307 842 Quod
326 781 361 835 ad
380 780 508 845 tertium,
529 796 624 849 nempe
644 795 762 833 amorem
782 794 815 831 ex
834 776 903 832 ideis
922 777 1009 841 veris,
1030 772 1120 833 eunde

189 879 221 916 eo
235 859 363 935 loquendi
377 859 420 918 hio
434 877 488 914 non
500 860 578 915 loeus
592 859 628 914 sit
641 860 679 927 ¹),
699 875 759 912 eum
774 873 847 912 nuno
861 857 1036 921 omittemus,
1049 855 1119 911 auin·

188 941 378 1005 advertentes,

227 1102 317 1156 Odium
345 1117 404 1154 esse
432 1097 531 1154 amoris
558 1095 740 1160 eontrarium,
764 1112 798 1149 ex
816 1110 905 1148 errore
926 1097 1017 1149 ortum
1036 1094 1081 1166 qni
1096 1108 1123 1147 ex

188 1181 316 1252 opinione
335 1179 467 1235 nascitur.
505 1177 626 1238 Quando
645 1172 716 1231 enim
736 1174 836 1246 aliquis
854 1173 1057 1229 conclusionem
1069 1171 1124 1229 feoil

189 1260 294 1332 aliquid
313 1258 413 1314 bonum
432 1277 506 1322 esse:
527 1257 645 1313 elalius
664 1252 769 1325 aliquid
788 1254 817 1307 in
837 1253 918 1322 hujus
938 1254 1067 1308 damnum
1080 1250 1125 1308 effiss
1161 1270 1175 1291 ·¹·

188 1342 239 1404 cil,
270 1340 364 1394 odium
391 1339 420 1393 in
448 1340 553 1394 hunone
578 1336 651 1408 apud
670 1333 748 1388 illum
768 1333 900 1387 nascitur.
939 1332 1023 1392 Quod
1042 1333 1144 1388 odiun·

189 1439 328 1492 nunquam
348 1419 427 1474 ineo
446 1419 536 1474 looum
556 1417 654 1473 habere
672 1417 780 1485 posset,
804 1413 914 1485 quando
927 1430 1020 1467 verum
1036 1413 1131 1468 bonon

177 1501 260 1562 ,reete
279 1500 469 1569 cognosceret,
491 1497 532 1551 uti
551 1497 649 1552 deinde
669 1493 856 1554 ostendemus;
878 1510 957 1547 omne
979 1493 1051 1548 enim
1065 1491 1132 1564 quod

188 1579 232 1633 vel
251 1582 293 1633 est
311 1578 356 1633 vel
374 1577 457 1633 etiam
476 1596 534 1633 esse
552 1579 680 1650 fingitur,
702 1597 764 1635 oum
783 1597 846 1633 vero
863 1579 934 1634 bono
948 1585 1134 1650 comparatum

189 1659 258 1715 nihil
272 1659 325 1714 nisi
345 1659 404 1729 ipsa
423 1658 531 1713 miseria
551 1662 600 1715 est.
624 1660 723 1716 Nonne
743 1661 828 1732 igilur
846 1659 910 1714 talis
924 1660 1050 1715 miseriae
1064 1677 1134 1715 ama·

189 1744 231 1792 lor
260 1738 444 1793 misericordia
473 1739 565 1810 polius
593 1758 673 1811 quam
702 1740 764 1794 odio
783 1740 883 1811 dignus
903 1742 963 1794 est?
980 1770 1016 1780 -
1036 1740 1137 1797 Odium
1173 1798 1175 1805 ,

189 1818 306 1890 denique
325 1818 408 1873 etiam
427 1836 460 1873 ex
479 1819 537 1874 solo
557 1820 653 1875 auditu
673 1822 778 1885 oritur,
798 1821 840 1875 uti
859 1821 983 1876 videmus
996 1821 1026 1875 in
1040 1821 1139 1878 anois

188 1903 283 1954 contra
301 1897 421 1954 Judeeos
441 1903 468 1954 ei
486 1899 671 1964 Christianos,
691 1903 719 1953 et
737 1900 766 1954 in
782 1899 946 1955 Christianis
960 1904 1059 1956 eontra
1072 1902 1139 1958 Tur·

188 1995 234 2033 cos
253 1982 281 2032 et
298 1978 436 2042 Judaeos,
458 1982 511 2035 elo.
532 1979 608 2040 Quid
627 1980 699 2034 enim
713 1980 807 2035 horum
821 1982 942 2036 omnium
956 1981 1058 2048 turba,
1079 2001 1140 2040 ano·

190 2075 248 2112 rum
268 2058 340 2113 inter
359 2076 387 2113 ae
407 2057 547 2129 religionis
567 2077 724 2132 morumque
743 2061 853 2116 nescia?

226 2453 309 2514 Quod
324 2453 382 2524 jam
401 2455 435 2509 ed
459 2454 631 2525 (lepiditatem
650 2456 750 2512 attinet
757 2496 765 2522 ,
796 2457 853 2511 sive
872 2457 927 2527 (uti
946 2457 1077 2514 nonnulli
1096 2477 1143 2515 vo·

189 2532 263 2602 lunt)
292 2534 321 2588 in
346 2534 470 2605 appetitu
499 2535 647 2600 consistat,
676 2535 746 2591 illud
771 2535 843 2607 quod
862 2536 1051 2592 desideramus
1071 2538 1144 2596 obti-

219 2860 244 2917 1)
269 2857 304 2904 De
328 2872 403 2904 amore
427 2873 454 2906 ex
478 2856 537 2904 veria
561 2856 617 2904 ideis
633 2856 669 2904 hio
685 2873 731 2905 non
747 2859 837 2918 agitur,
862 2858 915 2918 quia
931 2872 978 2905 uon
993 2873 1020 2905 ex
1037 2859 1149 2920 opinione

188 2928 288 2976 nascitur
296 2947 303 2986 ς
320 2928 347 2973 de
362 2942 407 2987 qno
424 2927 525 2975 videatur
540 2941 588 2988 cap.
603 2930 642 2976 22.
