2354 3412
633 147 672 203 ⁶20

181 304 396 376 omnipotentiae
424 305 591 361 contrarium
618 312 705 369 esset,
734 307 806 378 quod
826 307 946 363 noluerit
965 326 1125 382 quamquam

183 385 333 456 potuisset,
359 385 466 440 invidia
484 385 638 449 videretur,
668 405 738 459 quae
757 387 785 441 in
804 388 879 450 Deo,
910 388 957 460 qui
977 394 1019 443 est
1038 389 1128 444 omnis

182 464 338 535 benignitas
357 469 384 519 et
402 464 563 536 plenitudo,
584 467 695 520 omnino
713 484 768 520 non
787 467 891 524 existit.

214 623 297 682 Quod
317 623 351 677 ad
371 626 416 686 2.,
436 643 489 678 non
509 624 625 679 existere
644 624 712 679 duas
731 624 900 680 substantias
919 627 1061 698 aequales,
1083 627 1128 681 de-

180 708 362 758 monstramus
391 704 471 768 inda,
501 703 573 775 quod
603 721 781 776 unaquaeqne
810 705 963 760 substantia
981 707 1011 761 in
1029 724 1128 777 genere

180 800 230 836 suu
249 784 368 853 perfecta
395 784 448 843 sit:
478 784 501 836 si
520 783 592 837 enim
611 782 681 837 dnae
700 782 827 854 aequales
846 789 951 849 essent,
973 785 1128 841 necessario

178 880 235 916 una
261 862 375 917 alteram
403 862 597 916 determinaret
625 880 674 918 nec
698 863 784 935 igitur
803 865 912 919 infinita
930 869 1017 930 esset,
1037 866 1079 920 uti
1099 866 1128 920 in

181 942 390 1014 precedentibus
405 942 462 1013 jam
482 942 675 997 demonstravi.

216 1101 297 1161 Quod
317 1097 351 1155 ad
371 1104 396 1156 3.
406 1140 415 1167 ,
445 1120 541 1173 nempe
558 1101 630 1172 quod
650 1119 704 1155 una
724 1100 879 1156 substantia
897 1100 1011 1157 alteram
1024 1103 1128 1174 produ·

180 1199 240 1237 uere
254 1187 387 1253 nequeat,
408 1183 494 1253 siquis
506 1183 605 1237 iterum
619 1182 785 1237 contrarium
800 1183 961 1244 sustineret,
982 1200 1129 1254 rogamus:

180 1279 246 1315 num
265 1279 347 1316 causa
366 1280 435 1333 quae
447 1261 629 1316 substantiam
643 1259 724 1315 istam
737 1261 916 1333 produceret,
937 1262 1029 1316 eadem
1047 1263 1130 1317 babe-

181 1346 224 1396 ret
236 1341 368 1396 attribnta
381 1359 413 1397 ac
426 1342 588 1413 productum
602 1340 675 1410 ejus,
691 1358 726 1394 an
741 1340 849 1394 minus?
866 1343 930 1397 Non
943 1348 1129 1413 postremum,

179 1439 242 1474 uam
271 1439 303 1474 ex
322 1421 409 1475 nihilo
428 1421 496 1475 nibil
517 1422 591 1476 nasci
610 1425 715 1493 potest:
735 1419 821 1491 igitur
838 1422 965 1492 primum.
1004 1423 1040 1478 Et
1060 1429 1129 1478 tnnc

179 1501 278 1555 iterum
292 1518 433 1571 rogamus:
455 1518 520 1554 num
534 1503 561 1556 in
575 1519 607 1555 eo
620 1499 769 1563 attributo,
791 1501 862 1571 quod
876 1518 958 1555 causa
971 1500 1053 1571 hujus
1067 1519 1129 1573 pro·

180 1580 257 1635 ducti
276 1584 364 1645 esset,
393 1581 485 1634 eadem
506 1580 635 1651 perfectio
654 1579 697 1634 vel
717 1580 805 1633 minor
823 1579 866 1632 vel
887 1580 972 1651 major
990 1582 1027 1635 sit
1045 1599 1130 1653 quam

179 1662 209 1717 in
237 1662 370 1732 producto
397 1661 465 1716 illo?
501 1661 594 1716 Minor
612 1678 670 1715 esse
689 1661 785 1731 nequit
803 1665 912 1731 propter
930 1677 1027 1716 causas
1046 1666 1131 1717 antes

179 2089 204 2136 Si
228 2088 288 2137 dicas
312 2088 382 2136 videri
406 2095 480 2136 tamen
505 2104 582 2150 posse,
609 2088 661 2148 qnid
686 2088 713 2134 ad
729 2089 762 2134 rei
777 2089 872 2149 alieuJus
888 2095 990 2136 naturam
1006 2091 1132 2151 pertineat,

178 2175 234 2219 quae
259 2176 305 2206 non
328 2159 416 2216 existit,
442 2161 484 2206 hoe
500 2175 576 2205 verum
592 2164 626 2206 est
642 2159 701 2218 quod
716 2159 744 2206 ad
760 2159 916 2218 existentiam,
940 2176 986 2207 ncn
1002 2177 1056 2208 veru
1072 2163 1132 2221 quod

179 2232 208 2278 ad
232 2232 359 2280 essentiam.
389 2233 420 2280 Et
443 2234 486 2279 hoe
510 2233 603 2278 interest
627 2233 686 2278 inter
709 2246 784 2278 creare
807 2236 829 2277 et
849 2247 973 2292 pennam
999 2247 1075 2280 creare
1097 2240 1132 2280 est

178 2306 315 2352 constituere
328 2304 423 2363 aliquam
440 2319 485 2350 rem
503 2319 542 2364 per
560 2307 676 2362 utramque
692 2301 832 2350 existentiam
846 2308 868 2349 et
879 2302 1011 2359 essentiam,
1024 2319 1133 2364 generare

179 2384 252 2425 antem
270 2375 381 2435 signifieat
397 2390 442 2421 rem
459 2380 547 2421 tautum
563 2373 622 2433 qnod
638 2373 665 2420 ad
683 2373 824 2420 existentiam
841 2374 914 2431 nasci;
940 2389 1008 2433 qnare
1024 2374 1092 2420 hodis
1108 2375 1132 2421 in

179 2454 260 2496 natura
274 2462 320 2493 non
336 2446 420 2493 creatio
438 2446 475 2492 sed
491 2445 607 2506 generatio
621 2450 709 2492 tantum
726 2444 801 2493 adest:
821 2444 896 2502 itaque
913 2459 963 2490 cum
980 2444 1042 2491 Deus
1058 2453 1132 2503 creat,

178 2524 281 2566 naturam
305 2516 338 2564 rei
361 2532 410 2564 eum
434 2533 459 2564 rs
483 2519 532 2577 ipsa
547 2517 614 2563 simul
630 2521 697 2563 creat.
729 2515 838 2573 Essetque
854 2515 923 2575 igitur
938 2514 1076 2574 invidiosus,
1101 2517 1131 2573 si,

181 2584 236 2637 bene
259 2594 339 2650 potens
363 2604 403 2635 nee
426 2594 500 2635 tamen
525 2588 617 2646 volens,
641 2603 686 2633 rem
709 2587 741 2634 ita
758 2594 869 2644 creasset,
893 2593 918 2633 ut
934 2603 983 2633 eum
1000 2603 1067 2635 eausa
1083 2591 1132 2648 ejus

182 2677 228 2707 non
245 2660 376 2707 conveniret
391 2659 415 2706 in
431 2658 528 2706 essentia
544 2664 566 2705 et
582 2658 707 2705 existentia.
729 2657 772 2705 sed
788 2657 809 2702 id
824 2657 882 2715 quod
892 2657 928 2704 hic
936 2673 1013 2705 creare
1023 2657 1132 2716 dicimus,

182 2733 272 2793 proprie
287 2747 333 2778 unu
349 2731 393 2778 diei
409 2734 483 2791 potest
499 2744 596 2788 uuquam
610 2729 693 2775 tactum
707 2743 765 2784 esse,
782 2734 858 2786 estque
871 2735 958 2775 tantum
972 2727 999 2774 ad
1014 2728 1132 2775 ostenden·

181 2806 232 2851 dum
251 2803 318 2862 quid,
333 2801 496 2862 distinguentes
513 2802 572 2849 intur
587 2815 663 2848 creare
677 2806 700 2846 et
713 2814 831 2861 qenerare,
848 2798 874 2845 de
890 2805 983 2857 utroque
999 2798 1131 2859 dicerepos·
