2354 3412
590 143 628 201 36

141 301 207 357 hoec
226 305 360 359 attribute
378 311 468 359 temen
488 306 516 360 in
535 306 595 362 Deo
615 305 703 362 locum
725 306 820 361 hebere
840 307 959 378 possint,
990 325 1036 378 pos

141 383 170 436 in
196 401 269 454 seqq.
291 384 427 454 capitibus
446 385 630 440 ostendemus,
670 386 714 441 Ad
735 386 872 440 meliorem
892 404 956 440 vero
977 405 1036 458 prae

140 460 264 516 dentium
283 464 511 536 intelligentiam,
531 470 559 520 et
577 465 807 521 introductionem
827 467 855 520 in
874 465 944 521 iliud
960 467 1033 539 quod

142 560 201 602 cere
221 545 360 614 cupimus,
382 544 425 601 hic
444 545 543 600 addere
561 546 698 601 voluimus
717 547 872 618 sequentia,
894 564 991 617 nempe

475 759 750 824 DIALOGUM,

277 944 366 984 INTER
383 944 600 996 munemundus,
619 946 762 997 AMOREM,
782 946 946 995 RATIONEM,

484 1041 518 1079 ET
537 1041 741 1083 cuelnlrnusru.

98 1230 100 1238 ,
177 1175 261 1231 Amor.
299 1174 401 1237 Video,
422 1175 520 1238 freter,
542 1177 613 1247 quod
633 1178 752 1231 essentia
771 1181 798 1230 et
811 1176 941 1247 perfectio
958 1193 1036 1230 mear

144 1256 210 1312 nino
238 1256 353 1327 pendeat
380 1273 395 1308 a
422 1257 471 1309 tue
490 1257 671 1326 perfectione,
702 1263 731 1312 et
750 1258 815 1329 quia
833 1256 965 1327 perfectio
985 1256 1036 1327 obj*

142 1337 215 1407 quod
235 1335 383 1405 concepisti
402 1339 450 1387 tua
470 1340 511 1389 est
530 1335 676 1405 perfectio,
697 1355 711 1388 e
731 1354 784 1406 qua
804 1340 851 1389 tue
870 1353 929 1390 mee
942 1354 1036 1407 prover

144 1416 188 1472 dic
214 1415 294 1478 mihi,
325 1432 440 1487 quaeso,
471 1433 535 1469 num
561 1434 608 1469 ens
636 1415 691 1468 tale
715 1416 871 1486 conceperis
890 1417 964 1487 quod
984 1435 1036 1471 suu

143 1497 292 1568 perfectum
315 1495 367 1559 sit,
393 1511 442 1548 nec
463 1493 496 1548 ab
516 1494 570 1549 alia
588 1495 704 1567 quedam
724 1513 752 1548 re
771 1495 912 1549 terminari
931 1501 1032 1568 queat,

147 1575 176 1630 in
194 1592 248 1646 qno
267 1579 294 1628 et
313 1592 364 1645 ego
382 1574 591 1644 comprehensus
610 1574 679 1628 sim?

179 1815 267 1870 Intell.
304 1812 386 1872 Quod
415 1811 449 1865 ud
478 1829 519 1865 me
541 1814 655 1876 attinet,
685 1816 810 1865 naturam
835 1830 889 1866 non
910 1812 963 1867 nisi
981 1813 1036 1867 int

145 1903 194 1950 suo
214 1893 347 1947 infinitam
368 1901 395 1945 et
414 1909 516 1946 summe
536 1893 683 1961 perfectam
702 1893 860 1955 considero;
891 1909 945 1964 quo
964 1894 997 1947 de
1019 1911 1036 1948 n

143 1974 269 2037 dubitas,
290 1989 356 2043 roga
374 1973 535 2034 Rationem,
555 1989 623 2043 quae
643 1970 693 2026 tibi
713 1973 794 2026 dicet.

179 2132 271 2187 Ratio.
309 2131 368 2202 Ego
386 2129 495 2201 quidem
514 2146 606 2182 verum
624 2147 682 2182 esse
696 2146 750 2182 non
763 2127 875 2191 dubit0,
896 2145 959 2182 nam
971 2128 995 2183 si
1010 2146 1036 2183 nr

145 2230 202 2268 rem
216 2211 360 2266 terminare
373 2209 516 2272 volumus,
531 2207 617 2262 nihilo
629 2225 688 2262 eam
702 2209 846 2262 terminare
861 2206 990 2262 debemus
1005 2211 1034 2280 (q

147 2292 294 2347 absurdum
314 2293 385 2360 est),
414 2295 441 2343 et
461 2289 510 2342 hoc
530 2306 590 2343 cum
611 2287 787 2360 sequentibus
806 2287 962 2350 attributis,
995 2307 1036 2342 ner

146 2372 217 2444 quod
238 2371 274 2425 sit
292 2388 393 2433 unum,
416 2372 573 2432 aeternum,
593 2385 640 2438 per
655 2386 683 2422 se
697 2368 842 2424 infinitum.
861 2368 952 2426 Quam
966 2368 1035 2422 obsu

145 2456 230 2508 tatem
249 2451 398 2514 evitamus,
419 2453 550 2519 ponentes
569 2466 627 2501 eom
641 2465 698 2501 esse
712 2449 845 2502 unitatem
858 2451 1013 2510 aeternam,
1033 2449 1036 2502 ἑ

147 2534 247 2595 uitam,
278 2530 506 2600 omnipotentem,
538 2531 591 2582 etc.
621 2532 747 2581 naturam
776 2545 870 2598 nempe
901 2526 1036 2580 infinitam

146 2612 238 2668 omnia
256 2611 285 2665 in
304 2629 335 2664 ea
354 2608 559 2679 comprehensa:
582 2607 660 2678 cujus
679 2608 851 2676 negationem
869 2606 939 2662 nihil
953 2623 1036 2662 vocan

189 2851 282 2920 Capid.
320 2847 381 2903 Hoc
398 2846 507 2920 quidem
527 2844 689 2900 mirabiliter
702 2844 832 2917 quadret,
853 2844 987 2899 unitatem
998 2861 1036 2900 cor

148 2932 207 2988 nire
221 2947 282 2984 cum
295 2929 443 2992 varietate,
459 2944 539 2999 quem
550 2927 651 2998 ubique
661 2925 690 2980 in
700 2930 799 2980 notura
809 2924 898 2980 video.
917 2923 993 2984 Quid
1004 2943 1036 2980 en
