2354 3412
624 112 662 168 42

170 269 283 333 debere;
304 273 331 326 et
351 271 401 326 hoe
420 270 481 326 ideo
500 270 584 332 dieis.
605 273 671 344 quie
685 277 871 328 transeuntem
886 275 991 329 tentum
1007 291 1117 330 oensem

170 369 223 406 non
237 369 301 407 vero
316 352 508 406 immanentem
522 352 679 422 cognoscis,
693 370 762 426 quee
776 359 912 425 postrema
925 354 993 408 nihil
1008 355 1119 410 omuino

168 435 246 486 extro
268 449 296 486 se
322 432 470 503 producet;
501 449 542 488 ex.
561 448 583 488 o.
603 431 760 488 intellectus
778 434 826 505 qui
846 438 887 488 est
905 450 988 489 oense
1007 452 1119 490 suarum

169 511 307 574 ideernm;
328 529 412 584 quere
425 515 452 566 et
465 529 481 566 n
496 529 553 577 me,
574 529 715 584 quousque
728 513 787 584 ejus
800 514 877 568 ideee
889 513 953 570 inde
964 514 1118 585 pendeant.

168 608 265 656 oense,
292 596 319 645 et
338 593 436 647 iterum
456 591 545 664 quood
566 592 739 647 existentiam
759 593 898 656 idearum,
918 598 1007 648 totum
1027 594 1121 666 appel·

170 673 252 727 latur.
268 672 313 728 Sic
332 676 360 728 et
379 675 454 729 Deus
474 674 521 744 qni
540 691 601 728 enm
622 673 761 727 effectibus
779 673 824 727 vel
844 674 976 729 creaturis
989 674 1049 728 suis
1062 691 1118 728 non

169 752 223 807 elie
252 771 333 826 quem
361 770 444 808 oeuse
471 754 622 809 immanens
650 757 705 816 est,
735 757 763 806 et
781 753 864 807 etiem
883 757 970 808 totum
991 754 1064 825 quod
1084 754 1119 808 ad

171 833 316 888 secundem
336 832 567 888 observationem.

377 1386 630 1445 DIALOGUS
668 1387 908 1443 SECUNDA.

382 1566 473 1605 INTER
491 1564 633 1604 ERASMUM
650 1565 685 1604 ET
702 1561 906 1602 nunorflmunr.

205 1709 336 1765 Erasmus.
355 1710 498 1765 Dicentem
512 1713 539 1764 te
552 1709 662 1773 audivi,
682 1706 874 1778 oTheophile‚
890 1706 977 1760 Deum
991 1723 1050 1762 esse
1062 1725 1121 1762 om·

170 1789 244 1842 nium
275 1807 363 1843 rerum
383 1807 509 1854 oensem,
539 1794 567 1844 et
586 1793 728 1860 propterea
750 1806 805 1842 non
824 1787 905 1841 eliam
925 1804 1034 1842 oensem
1054 1806 1118 1843 eum

169 1886 227 1923 esse
250 1887 327 1941 posse
346 1888 426 1942 qnam
446 1870 647 1926 immerentem.
684 1870 752 1924 Cum
772 1873 861 1922 eutem
883 1870 1002 1922 omnium
1027 1886 1118 1923 rerum

169 1966 251 2004 oense
270 1950 307 2004 sit
326 1949 492 2013 immanens,
514 1949 649 2020 quomodo
668 1966 728 2003 eum
743 1948 833 2003 dicere
848 1952 926 2018 potes
938 1964 1048 2002 eausam
1063 1948 1118 2019 pri-

169 2029 262 2083 orem?
283 2029 333 2085 hoe
352 2028 422 2103 enim
443 2029 472 2083 in
492 2045 574 2083 nense
591 2030 757 2083 immanente
775 2027 833 2080 fieri
852 2026 955 2098 nequit.

208 2189 379 2258 Pheoplilnm.
416 2187 505 2242 Deum
533 2203 641 2242 eausam
673 2185 767 2240 dicens
795 2185 925 2256 priorem,
956 2188 1064 2240 tentum
1085 2185 1120 2240 de

169 2269 204 2322 iis
240 2269 322 2322 rebus
357 2267 407 2322 hoe
441 2266 567 2339 intelligi¹
596 2267 690 2329 volni,
730 2281 799 2338 ques
831 2264 908 2319 Dens
941 2264 1026 2319 nullis
1057 2264 1121 2320 eliis

170 2348 266 2403 mediis
286 2365 367 2420 quem
387 2348 533 2402 existentia
552 2365 602 2402 sue
620 2343 775 2401 immediate
793 2344 936 2415 produxit;
959 2361 1013 2398 non
1026 2349 1119 2399 autem

167 2427 240 2500 qnod
268 2427 392 2482 absolute
420 2444 528 2482 oensem
558 2428 675 2498 priorem
705 2425 858 2495 significare
883 2441 944 2478 eum
964 2423 1114 2488 voluerim;

170 2506 242 2579 quod
272 2506 345 2562 olere
373 2506 496 2561 everbis
513 2506 580 2560 meis
598 2504 752 2576 intelligere
771 2504 923 2575 potuisses,
954 2519 1016 2558 eum
1035 2504 1118 2558 etiem

169 2585 227 2640 dixi
258 2603 308 2641 noe
336 2603 397 2640 enm
427 2584 625 2658 quodammodo
653 2601 763 2641 oensem
792 2582 947 2638 ulteriorem
979 2582 1120 2638 nominare

170 2683 258 2737 posse.

205 2824 254 2880 Er.
291 2825 363 2880 Setis
388 2824 444 2896 jam
474 2823 600 2895 intelligo
619 2822 685 2895 quid
704 2821 795 2878 dicere
813 2819 897 2882 velis,
931 2820 1120 2876 animadverto

169 2923 234 2960 vero
263 2906 359 2969 etiem,
389 2910 417 2960 te
444 2904 546 2960 dixisse
569 2904 695 2959 effectum
724 2919 821 2959 oousee
842 2899 960 2970 alicujus
978 2900 1119 2955 interioris
