2354 3412
567 77 604 133 56

114 233 204 287 minus
231 233 375 303 praecipue
403 232 577 304 incipientem
606 234 747 305 ponimus,
776 253 846 308 quse
867 233 902 290 ad
921 232 1077 304 agendam

115 330 176 366 eum
196 313 343 375 movisset;
365 317 431 368 tunc
450 313 522 369 enim
541 314 616 368 Deus
635 332 689 368 non
708 321 787 372 esset.

148 468 209 522 Jam
240 484 303 522 vero
332 469 455 539 quaestio
483 473 621 534 movetur,
652 487 715 525 num
744 471 820 526 Deus
838 485 918 524 omne
937 467 1014 540 quod
1031 468 1072 522 in

112 547 173 601 idea
201 547 260 618 ejus
286 549 323 603 sit
352 554 380 601 et
398 549 470 620 quod
489 556 544 604 tam
564 552 682 622 perfecte
700 568 779 622 agere
798 548 901 622 possit,
932 549 1067 602 omittere

114 631 220 697 posset,
240 633 268 682 et
286 645 351 681 nom
370 628 440 682 illud
459 631 584 684 omittere
603 631 632 685 in
652 647 683 684 eo
701 630 831 700 perfectio
850 627 893 684 sit.
913 627 1061 692 Dicimus,

114 709 178 781 quia
206 709 297 762 omnia
315 726 384 780 quae
403 709 476 763 fiunt
494 727 510 764 a
529 710 588 766 Deo
607 714 743 781 aguntur,
772 709 820 764 illa
841 707 913 778 apud
933 724 997 761 eum
1020 708 1061 762 ita

115 787 267 842 necessario
294 787 496 858 praedestinata
521 805 579 843 esse
598 790 710 854 debere,
739 806 800 844 cum
819 786 899 842 aliter
919 780 1058 840 mutabitis

114 874 202 933 esset,
231 868 304 939 quod
324 885 422 939 magna
439 870 468 924 in
487 873 606 925 coesset
627 869 809 941 imperfectio:
831 873 860 922 et
885 865 959 938 quod
983 882 1055 937 prae·

113 948 260 1002 destinatio
288 947 337 1002 illa
364 948 435 1018 apud
455 967 515 1003 eum
535 951 569 1004 ab
590 951 664 1004 omni
683 949 845 1003 aeternitate
864 963 923 1001 esse
942 946 1053 1008 debeat3

114 1029 143 1082 in
171 1045 225 1100 qua
251 1027 413 1082 aeternitate
441 1046 492 1084 nec
519 1033 578 1083 ante
597 1045 646 1083 nec
658 1032 719 1098 post
737 1027 827 1083 locum
846 1025 937 1080 hahet.
976 1025 1054 1080 Unde

115 1108 238 1180 sequitur
256 1108 345 1164 Deum
364 1115 445 1163 antea
463 1127 506 1163 res
524 1127 580 1163 non
599 1108 679 1163 aliter
697 1107 898 1178 praedestinare
917 1105 1053 1176 potuisse,

112 1204 192 1258 quam
211 1187 245 1240 ab
260 1192 370 1241 aeterno
390 1190 591 1258 praedestinata
610 1192 687 1252 sunt,
710 1193 737 1242 et
755 1186 827 1258 quod
840 1185 915 1238 Deos
930 1201 981 1239 nec
994 1189 1058 1239 ante.

112 1267 191 1321 istam
221 1266 495 1337 praedestinationem
523 1287 573 1325 nec
592 1269 650 1323 sine
669 1287 701 1322 ea
719 1286 777 1322 esse
795 1266 893 1338 potuit.
929 1264 1054 1320 Porrosi

110 1344 186 1400 Deus
204 1345 308 1417 aliquid
327 1346 478 1414 omitteret,
509 1349 558 1404 hoc
578 1349 711 1419 proficisci
730 1348 839 1402 deberet
857 1344 899 1400 vel
919 1363 954 1400 ex
973 1362 1053 1401 causa

113 1424 141 1479 in
156 1442 203 1489 eo,
218 1426 261 1479 vel
275 1444 308 1480 ex
322 1427 400 1482 nulia
412 1446 505 1494 causa;
529 1431 552 1484 si
565 1429 652 1492 illud,
666 1445 775 1483 necesse
787 1431 844 1490 est,
860 1443 921 1480 eum
935 1426 963 1480 id
977 1427 1054 1480 omit-

113 1508 170 1559 tere
188 1505 299 1570 debere;
323 1508 345 1562 si
364 1526 427 1562 vero
447 1510 508 1574 hoc,
528 1515 594 1564 tunc
613 1525 723 1564 necesse
735 1513 776 1562 est
789 1525 850 1561 eum
863 1522 918 1560 non
932 1505 1055 1560 omittere

113 1583 225 1647 debere;
246 1588 318 1658 quod
336 1605 384 1658 per
401 1606 428 1642 se
447 1594 531 1659 patet.
552 1590 671 1653 Deinde,
693 1595 734 1644 est
753 1587 882 1659 perfectio
900 1586 930 1641 in
953 1603 982 1641 re
1001 1603 1055 1642 ore·

112 1668 158 1718 ate
176 1682 234 1719 esse
253 1670 280 1720 et
298 1685 314 1720 a
333 1666 391 1722 Deo
411 1686 484 1731 cssc;
506 1687 567 1723 nam
587 1671 706 1724 omnium
722 1669 956 1739 imperfectionum
972 1667 1055 1722 maxi·

113 1748 217 1799 maest
236 1763 290 1800 non
303 1765 376 1810 esse;
399 1752 426 1802 et
444 1750 509 1819 quia
527 1749 601 1804 salus
620 1754 647 1804 et
666 1748 795 1820 perfectio
814 1747 934 1802 omnium
954 1751 997 1802 est
1009 1763 1055 1801 vo·

114 1823 206 1878 luntas
225 1823 293 1890 Dei,
316 1824 374 1882 Deo
394 1827 537 1883 hamorem
557 1846 614 1883 esse
634 1829 758 1893 nolente,
778 1827 838 1898 ejus
857 1827 931 1882 salus
950 1832 979 1881 et
998 1843 1056 1898 per·

113 1904 196 1958 fectio
214 1903 243 1957 in
262 1922 293 1959 eo
312 1907 473 1962 consisteret
491 1908 563 1979 quod
582 1926 636 1962 non
655 1915 741 1970 esset3
762 1907 834 1979 quod
853 1908 905 1962 sibi
919 1906 1056 1962 contradi·

115 1984 167 2048 cit;
188 1983 280 2056 itaque
299 2003 429 2056 negamus
447 1986 534 2040 Deum
554 1988 679 2043 omittere
697 2005 775 2059 posse
794 1986 865 2058 quod
885 1987 952 2057 agit.
973 1984 1056 2046 Quod

114 2063 240 2120 nonnulli
259 2081 308 2135 pro
327 2065 462 2120 calomnia
482 2070 510 2120 et
528 2066 708 2123 diminutione
728 2067 779 2122 Dei
793 2067 911 2128 habent:
932 2065 983 2120 hoc
993 2083 1056 2120 vero

114 2144 178 2199 inde
197 2150 301 2208 ortum,
326 2145 398 2217 quod
418 2163 472 2201 non
493 2146 559 2200 bene
578 2150 705 2218 capiunt,
726 2165 780 2219 qua
797 2146 826 2201 in
845 2164 873 2201 re
892 2163 957 2199 vera
976 2144 1056 2200 iiber-

113 2228 156 2279 tas
175 2224 324 2289 consistat,
354 2225 453 2297 qnippe
472 2244 542 2298 quae
561 2228 637 2282 nullo
657 2229 750 2288 modo,
781 2228 821 2281 uti
841 2231 954 2297 putant,
976 2225 1006 2280 in
1024 2240 1057 2279 eo

113 2307 166 2360 sita
194 2306 230 2360 sit
258 2310 289 2361 ut
307 2306 411 2378 aliquid
430 2324 509 2378 agere
528 2308 571 2362 vel
590 2309 715 2364 omittere
734 2306 882 2378 possimus:
910 2303 957 2360 sed
976 2304 1005 2359 in
1024 2320 1057 2358 eo

112 2389 218 2439 tantum
247 2402 311 2439 vera
338 2385 450 2441 libertas
478 2388 618 2452 consistit,
648 2389 720 2460 quod
739 2387 826 2458 prima
844 2401 927 2441 causa
945 2402 961 2437 a
980 2383 1058 2439 nulla

113 2463 167 2519 alia
195 2481 223 2518 re
251 2482 343 2536 pressa
370 2466 413 2520 vel
433 2470 585 2523 necessario
605 2473 715 2534 coacta,
744 2466 802 2521 sola
821 2483 870 2520 sua
889 2463 1057 2537 perfectione
