2354 3412
564 88 602 144 46

89 249 169 313 uis,
205 249 276 321 quod
311 248 481 304 intellectum
517 265 657 303 vocamus.
706 247 825 302 Videsne
857 247 931 319 jam,
968 248 1061 320 quod,

109 347 274 404 quamquam
295 329 391 385 haecce
411 347 481 384 nova
501 329 561 384 idea
579 346 641 384 cum
654 327 832 401 praecedente
845 329 992 398 conjuncta
1006 329 1062 392 sit,

111 415 254 482 propterea
272 414 363 464 tamen
381 409 410 465 in
430 409 616 480 praecedentis
636 408 754 462 essentia
768 408 844 463 nulla
856 408 988 464 efficiatur
1003 426 1062 463 mu·

112 491 196 553 tatio,
228 491 355 561 quodque
374 509 388 543 e
413 491 550 545 contrario
569 490 627 544 sine
647 488 703 543 ulla
723 489 873 543 mutatione
892 489 985 543 eadem
1005 505 1063 542 ma·

113 569 196 624 neat?
232 569 314 630 Quod
344 569 425 623 etiam
456 569 547 622 videre
573 567 637 622 licet
660 568 689 622 in
708 585 870 639 quacunque
888 569 964 632 idea,
991 585 1064 639 quae

113 649 142 704 in
166 666 194 702 se
213 666 329 703 amorem
350 648 492 718 producit;
522 648 569 719 qui
588 666 663 702 amor
681 647 758 701 nullo
778 648 856 701 modo
875 647 951 702 ideae
971 665 1065 701 essen·

113 729 179 783 tiam
200 732 292 798 auget.
320 726 373 781 Sed
393 745 478 799 quare
498 733 539 781 tot
557 726 680 797 exempla
693 726 865 791 afferremuS,
885 744 946 782 cum
960 731 989 781 tu
1003 727 1064 797 ipse

114 808 142 862 in
162 807 320 878 proposito,
341 807 374 860 de
395 825 448 878 quo
464 807 520 878 jam
540 805 673 869 diximus,
694 811 786 876 aperte
800 806 850 860 hcc
863 806 955 861 videre
968 810 1062 876 potes;

112 887 186 942 clare
217 887 289 940 euim
308 886 382 949 dixi,
412 887 503 940 omnic
522 888 671 949 attributa.
693 904 761 957 quae
780 885 814 940 ab
833 885 887 941 alia
906 904 988 940 causa
1006 903 1065 939 ιιοιι

113 967 234 1100 pendetnt
254 973 280 1021 et
300 966 332 1020 ad
353 984 421 1039 qnae
439 966 617 1022 describenda
630 984 683 1020 non
696 984 765 1036 opus
778 966 814 1021 sit
827 984 940 1037 genere,
962 966 995 1019 ad
1009 965 1064 1020 Dei

113 1047 259 1102 essentiam
283 1047 434 1117 pertinere:
466 1051 493 1100 et
511 1046 575 1137 quia
594 1064 636 1100 res
656 1052 761 1102 creatae
780 1064 835 1100 non
854 1050 969 1116 possunt
987 1046 1065 1100 attri-

116 1127 210 1181 butum
240 1143 354 1196 ponere,
394 1125 446 1181 Dei
474 1127 593 1180 essentia
620 1125 655 1181 iis
690 1143 743 1180 non
772 1130 902 1196 augetur,
938 1126 1003 1181 ticet
1035 1143 1065 1180 se

114 1223 195 1279 quam
224 1205 375 1260 arctissime
404 1222 465 1260 cum
494 1224 526 1259 ea
548 1205 726 1276 conjungant.
765 1206 861 1271 Adde,
882 1206 954 1296 quod
975 1210 1066 1260 totum

115 1304 163 1340 ens
189 1285 302 1340 rationis
330 1289 437 1340 tentum
467 1285 503 1340 sit
527 1302 577 1340 nec
596 1303 612 1339 a
630 1285 749 1356 generali
769 1285 876 1340 differat
865 1286 947 1340 tnisi
967 1286 995 1339 in
1016 1302 1064 1348 ec,

112 1364 187 1436 quod
207 1364 332 1435 generale
351 1366 398 1418 fiat
417 1383 451 1419 ex
464 1365 579 1419 diversis
592 1383 647 1418 uon
660 1364 814 1434 conjunctis
827 1364 1015 1420 individuis
991 1383 1066 1435 eJus·

115 1443 175 1499 dem
196 1444 320 1514 generis,
340 1447 429 1500 totum
448 1451 540 1499 autem
559 1463 592 1500 ex
612 1447 725 1503 diversis
745 1447 900 1517 conjunctis
912 1446 1067 1502 individuis

115 1529 171 1580 tam
191 1525 263 1579 alius
282 1542 361 1596 quam
382 1525 504 1596 ejusdem
522 1528 640 1596 generis.

153 2001 204 2056 Er.
245 2001 331 2061 Quod
351 2002 385 2056 ad
406 2001 456 2056 hcc
474 2002 589 2065 attinet,
613 2002 678 2056 mihi
697 2001 863 2058 satisfecisti.
891 2001 942 2057 Sed
963 2007 1070 2072 praete·

117 2101 163 2139 rea
182 2083 269 2137 etiam
288 2080 401 2146 dixisti,
420 2081 594 2136 immanentis
613 2099 710 2137 causae
730 2080 891 2152 productum
912 2083 999 2152 perire
1013 2100 1070 2137 ιιοιι

118 2181 213 2235 posse,
227 2161 362 2234 quamdiu
376 2160 435 2232 ejus
448 2178 530 2216 eausa
542 2161 687 2233 perdurat,
702 2160 773 2233 quod
787 2161 884 2216 falsum
898 2179 957 2216 esse
969 2162 1067 2225 video;

115 2244 167 2299 hcc
192 2242 264 2298 enim
285 2243 307 2296 si
328 2242 368 2298 ita
387 2247 443 2306 est,
469 2259 523 2313 quo
543 2241 621 2296 modo
640 2241 715 2296 Deus
734 2241 884 2296 immanens
903 2241 993 2297 adhuc
1012 2260 1070 2297 oru-

119 2324 195 2379 nium
226 2339 315 2376 rerum
345 2338 427 2378 causa
455 2338 513 2375 esse
542 2324 648 2391 potest,
678 2337 739 2374 cum
759 2325 800 2375 tut
819 2337 911 2374 earum
934 2322 1072 2392 pereant?

119 2402 201 2458 Dices
232 2400 358 2472 quidem,
387 2401 537 2456 secundum
565 2401 725 2454 anteriorem
751 2405 826 2456 tuam
847 2401 1069 2465 distinctionem,

120 2482 208 2536 Deum
228 2480 338 2553 proprie
357 2479 454 2535 talium
475 2480 655 2552 productuum
675 2496 784 2534 causam
803 2499 877 2544 esse,
899 2499 966 2552 quas
985 2482 1072 2537 nullis

119 2559 181 2615 aliis
202 2560 299 2614 mediis
319 2577 399 2631 quam
420 2559 485 2614 solis
505 2560 560 2614 suis
579 2559 721 2614 attributis
741 2560 884 2629 produxit,
907 2579 993 2633 neque
1006 2580 1069 2624 eas,

117 2640 253 2712 quamdiu
275 2657 358 2695 causa
376 2657 467 2694 earum
487 2640 615 2712 perdurat
634 2641 722 2714 perire
741 2659 837 2712 posse,
859 2659 913 2697 non
932 2649 1024 2698 eutem
1045 2649 1073 2698 te

121 2722 208 2776 Deum
221 2720 414 2774 immanentem
425 2720 514 2776 dicere
525 2737 632 2776 causam
644 2739 736 2776 earum
747 2722 944 2794 productum,
956 2741 1072 2794 quarum

117 2801 267 2855 existentia
287 2818 339 2855 non
359 2801 517 2855 immediate
537 2801 571 2856 ab
593 2819 624 2856 ec
644 2802 777 2873 pendeat,
808 2804 854 2857 sed
874 2820 943 2874 quae
962 2802 996 2857 ab
1016 2803 1073 2859 alia
