2354 3412
158 162 187 207 11
521 159 751 225 rotarioro.

161 364 213 419 rat.
249 361 311 418 Jam
342 364 370 416 et
399 357 540 433 integrum
568 357 703 436 Spinozae
724 358 885 416 Tractatum
904 359 1011 436 publici
1028 360 1101 436 juris

161 451 252 510 facere
272 447 424 506 admodum
445 447 569 523 optabile
588 447 677 505 visum
693 453 749 506 est.
772 448 907 524 Quamvis
928 449 1001 506 enim
1023 449 1101 527 quod

160 541 191 598 in
214 537 389 597 Praefatione
410 555 526 613 opernm
550 536 762 613 posthumorum
784 537 819 594 de
843 536 1015 595 absconditis
1037 539 1102 615 phi·

161 627 274 705 losophi
305 625 414 702 scriptis
443 625 667 694 existimabatur,
700 625 759 694 „nil
779 625 809 682 in
825 625 860 683 iis
883 625 1027 685 inventum
1048 627 1102 698 iri,

163 716 240 797 quod
261 713 372 791 saepius
392 714 421 770 in
443 713 527 771 editis
547 714 606 789 ejus
630 712 740 791 scriptis
761 714 867 773 dictum
881 735 937 773 non
951 716 1022 786 sit''‚
1044 717 1101 775 lec·

162 805 271 864 toribus
301 804 373 860 forte
400 801 540 859 ridebitur
566 803 649 859 etiam
671 803 705 860 de
727 811 821 862 nostro
843 805 933 863 valere
955 806 1100 876 Tractatn,

164 913 264 972 operae
294 890 417 969 pretium
448 897 541 948 tamen
571 890 714 950 habebunt
744 893 835 951 varios
861 894 961 951 modos
982 914 1101 971 cognos-

164 1004 241 1053 cere,
273 981 375 1059 quibus
399 980 519 1058 Spinoza
540 981 654 1038 Bthicae
675 1001 741 1038 suae
762 982 917 1059 principia,
940 984 992 1041 etsi
1013 1015 1052 1027 -
1072 983 1103 1042 in

165 1072 292 1131 doctrina
319 1069 482 1147 praesertim
504 1069 539 1127 de
559 1069 735 1146 passionibus
755 1105 797 1112 —
817 1071 911 1128 minus
932 1072 1024 1130 adhue
1044 1072 1102 1130 ela-

163 1163 260 1220 borata
291 1160 432 1236 professus
464 1164 513 1218 est.
555 1159 588 1216 In
611 1159 709 1216 eodem
730 1165 822 1216 autem
843 1160 973 1218 Tractatu
994 1160 1102 1237 capitu-

164 1252 224 1309 lum
252 1267 364 1325 quoqne
391 1246 463 1305 illud
491 1246 526 1304 de
557 1247 678 1305 Diabolo
709 1254 785 1305 extat
816 1249 894 1323 cujus
925 1249 1052 1326 aMylio
1073 1250 1103 1308 in

163 1340 340 1400 Bibliotheca
362 1343 577 1415 Anonymorum
598 1336 703 1395 mentio
723 1337 755 1393 fit
765 1338 782 1394 ¹.
806 1337 891 1412 Quod
913 1357 975 1396 vero
996 1338 1103 1397 ibidem

165 1428 279 1488 additur
307 1427 454 1504 Spinozam
479 1427 601 1504 primum
621 1425 735 1501 Belgice
757 1426 884 1484 Ethicam
906 1427 1103 1504 conscripsisse

165 1519 258 1578 minus
285 1521 359 1574 recte
387 1516 501 1585 dicitur,
531 1535 594 1574 oum
622 1514 734 1572 disertis
762 1515 853 1571 verbis
874 1515 903 1572 in
924 1516 1103 1574 annotatione

165 1607 201 1666 ad
222 1606 382 1662 Tractatum
403 1609 531 1662 nostrum
552 1604 661 1680 legatur
679 1603 760 1660 illum
781 1604 880 1660 Latine
901 1604 1023 1681 primum
1037 1625 1103 1664 con·

166 1695 317 1772 seriptum,
342 1693 443 1750 deinde
464 1712 529 1750 vero
550 1693 664 1769 Belgica
685 1692 826 1749 redditum
847 1711 922 1762 esse,
949 1693 994 1751 cui
1015 1713 1103 1752 asser·

166 1784 238 1842 tioni
270 1802 321 1841 nec
350 1801 433 1859 quam
460 1781 576 1859 plurimi
602 1781 794 1838 contradicunt
815 1781 950 1838 versionis
970 1782 1102 1858 Belgicae

166 1871 325 1932 Latinismi.
357 1871 517 1928 Tractatum
538 1869 668 1939 edituro,
690 1890 809 1947 cumque
824 1870 899 1946 apud
914 1877 1023 1929 exteros
1037 1871 1103 1928 Bel·

168 1963 230 2040 gica
260 1960 317 2018 fere
349 1978 406 2017 non
433 1958 577 2033 legantur,
609 1977 690 2016 curae
712 1958 782 2016 mihi
802 1978 862 2015 esse
883 1958 981 2017 debuit
1005 1959 1105 2017 Latine

168 2071 233 2109 enm
254 2053 376 2117 vertere;
399 2046 476 2124 quod
497 2065 530 2103 eo
550 2044 659 2104 facilius
679 2046 768 2104 facere
788 2047 884 2123 potui,
907 2047 973 2125 quia
987 2049 1106 2106 alterum

169 2138 270 2198 deinde
291 2136 361 2194 mihi
381 2134 513 2210 Belgicae
535 2134 667 2192 versionis
688 2136 847 2212 exemplar,
875 2156 891 2194 a
914 2136 973 2194 viro
993 2136 1105 2213 amplis·

169 2230 241 2286 simo
263 2224 453 2294 amicissimo,
487 2223 696 2299 elegantissimo
717 2231 800 2301 poeta
820 2230 959 2294 nostrate,
982 2226 1106 2284 Adriano

168 2318 294 2392 Bogaers
322 2314 478 2373 exhibitum
499 2319 557 2383 est,
589 2332 645 2389 quo
666 2312 711 2370 hic
731 2313 803 2383 illie,
836 2313 884 2370 ubi
905 2314 1106 2372 Mullerianum

169 2405 262 2465 minus
283 2406 356 2463 clare
377 2423 407 2461 se
428 2402 556 2473 haberet,
589 2422 656 2460 usus
677 2422 755 2472 sum,
785 2404 920 2479 cujusque
941 2409 968 2460 et
988 2403 1037 2463 illa
1057 2403 1106 2461 be·

171 2496 287 2555 novolae
319 2493 432 2552 omnino
462 2513 560 2551 manns
591 2492 734 2550 annotatio
755 2499 816 2561 est,
848 2492 883 2550 de
904 2511 960 2569 qua
981 2493 1107 2550 dicebam

112 2581 114 2585 ’
173 2604 314 2664 quamque
334 2583 390 2661 ipsi
410 2583 555 2640 Tractatus
575 2580 710 2658 adscripsi
731 2581 823 2640 titulo.

182 2821 195 2865 1
228 2818 338 2875 „uthica
364 2832 421 2876 qnae
444 2815 472 2862 ab
496 2822 587 2862 auctore
599 2816 693 2875 prim
710 2816 843 2864 Batavorum
861 2832 959 2865 sermone
975 2817 1112 2877 conacrtpta,

168 2899 246 2950 postea
268 2889 296 2935 ab
314 2887 388 2934 eodem
407 2887 430 2932 iu
446 2886 545 2946 linguam
561 2885 663 2932 Latinam
681 2886 783 2932 traducta
799 2893 822 2933 at
838 2887 941 2934 methodo
958 2886 1113 2934 mathematica

167 2968 202 3008 cst
223 2961 344 3023 disposita,
370 2960 452 3006 omisso
468 2964 542 3005 tamen
558 2958 617 3018 qnod
633 2959 656 3004 in
672 2959 792 3018 exemplari
809 2958 945 3005 Hollandico
961 2959 1113 3019 manuscripto

167 3031 241 3080 adbuc
256 3037 331 3078 extare
346 3030 428 3077 dicitnr
444 3030 517 3090 capite
532 3029 559 3076 de
576 3029 693 3076 Diabolo.”
709 3029 769 3077 atat.
784 3045 848 3077 anon.
864 3045 886 3089 p.
903 3031 964 3087 941,
983 3031 1004 3077 6.
