2354 3412
642 114 679 170 52

223 273 316 328 Antea
336 272 396 344 jam
412 271 531 328 diximus
550 291 632 328 unam
651 273 832 329 substantiam
853 274 965 329 alteram
984 273 1133 346 producere

185 370 240 408 nou
258 370 353 424 posse,
374 357 402 408 et
419 352 509 408 Deum
528 371 576 408 eus
595 372 653 408 esse
672 355 705 409 de
724 372 778 426 quo
797 355 887 409 omnia
906 355 1037 410 dicuntur
1055 356 1135 411 attri-

184 432 267 494 buta:
289 433 361 487 unde
379 434 452 490 clarc
471 435 608 506 sequitur,
627 452 722 489 omnes
740 434 809 489 alias
825 453 870 489 res
883 439 960 489 extra
971 435 1061 491 Deum
1079 453 1135 492 non

186 512 303 568 existere
332 531 382 569 nec
409 516 516 585 concipi
535 532 630 586 possc;
650 532 743 586 ,quare
761 515 872 568 omnino
893 515 982 570 dicere
1002 515 1136 571 dabamus

185 595 273 648 Deum
293 594 413 648 omnium
433 610 543 648 causam
563 612 629 650 esse.
647 593 716 647 Cum
736 598 826 647 autem
846 610 955 648 causam
974 599 1141 665 operantem.

186 672 215 726 iu
229 676 291 727 octo
311 675 401 742 partes
420 673 541 728 dividere
561 673 664 737 solent,
685 674 827 729 videamus
837 675 893 746 jam
907 677 1043 747 quomodo
1057 677 1140 732 Dana

190 758 273 806 causa
292 753 341 806 sit:
1132 770 1137 778 ·

750 865 764 908 t

221 1069 245 1123 1.
264 1068 354 1123 Causa
367 1072 409 1123 est
418 1087 532 1124 emanans
546 1068 589 1124 vel
603 1088 716 1141 operans
726 1089 836 1142 operum
847 1089 968 1136 suorum,
988 1077 1027 1138 et,
1042 1073 1129 1145 quoad

185 1151 257 1206 actio
285 1152 339 1205 ista
366 1153 429 1214 fiat,
458 1169 541 1206 causa
571 1151 689 1207 efficiens
716 1153 760 1206 vel
784 1171 883 1223 agens,
912 1171 981 1224 quae
1001 1158 1130 1225 tanquam

186 1249 270 1286 uuum
290 1231 430 1302 ponimus,
451 1232 550 1304 quippe
569 1233 603 1286 ad
623 1234 786 1289 seinvicem
806 1233 979 1304 pertinentia.

221 1391 245 1444 2.
282 1391 333 1446 Est
363 1406 445 1445 causa
464 1390 596 1442 immanens
614 1405 664 1443 nec
683 1389 831 1452 transiens,
858 1389 922 1460 quia
941 1390 1033 1443 omnia
1053 1389 1083 1444 in
1102 1407 1128 1444 sc

184 1474 212 1524 et
229 1471 297 1526 nihil
318 1474 395 1526 extra
413 1486 442 1522 se
461 1473 569 1538 operat,
590 1485 651 1524 cum
671 1468 739 1523 nihil
759 1474 915 1523 curtracum
935 1469 980 1524 sit.

223 1634 248 1689 3.
286 1632 360 1686 Deus
389 1635 431 1685 cst
462 1647 545 1685 causa
570 1632 652 1685 libera
671 1647 721 1685 uec
741 1629 888 1692 naturalis,
920 1629 960 1682 uti
980 1647 1062 1700 quam
1081 1629 1132 1684 cla·

184 1713 289 1768 rissimc
308 1711 496 1771 ostendemus,
516 1710 625 1781 quaudo
643 1727 756 1780 agemus
769 1710 802 1764 dc
815 1727 862 1773 eo,
883 1725 948 1763 num
962 1708 1037 1764 Deus
1050 1709 1128 1764 cmit-

186 1799 242 1847 terc
261 1793 348 1862 possit
365 1790 470 1862 aliquid
489 1808 569 1861 agere
588 1790 660 1861 quod
679 1791 751 1861 agit;
782 1790 827 1844 ubi
846 1787 928 1843 simul
947 1788 1129 1859 explicabitur

184 1874 213 1928 in
232 1891 286 1945 quc
304 1872 437 1928 consistat
455 1889 519 1925 vara
538 1871 658 1927 libertas.

219 2032 245 2086 4.
280 2029 356 2084 Deus
384 2032 426 2083 est
452 2045 534 2082 causa
547 2045 598 2097 per
615 2045 642 2083 sc
661 2044 711 2082 nec
730 2044 777 2098 per
795 2024 1026 2096 contingentiam,
1056 2023 1128 2096 quod

184 2129 218 2166 ex
237 2113 356 2164 tractatu
375 2108 409 2162 de
427 2106 680 2162 Pracdcstinatioue
698 2105 799 2161 clarius
813 2104 926 2176 patebit.

220 2272 245 2326 5.
281 2269 357 2323 Deus
384 2269 426 2321 cst
449 2283 531 2321 causa
544 2267 687 2337 praecipua
704 2282 814 2335 operum
834 2281 960 2328 suorum,
989 2280 1060 2334 quae
1079 2262 1128 2318 im·

184 2348 339 2404 immediate
358 2346 477 2411 creavit,
497 2347 538 2401 uti
558 2351 659 2399 motum
680 2345 708 2398 in
723 2343 850 2405 materia,
871 2347 922 2398 etc.
938 2343 967 2397 in
980 2360 1128 2415 quacausa

185 2429 274 2483 minus
293 2428 439 2500 praecipua
457 2427 545 2482 locum
565 2426 662 2481 habere
682 2424 791 2496 nequit,
812 2423 911 2495 quippo
933 2441 1002 2494 quaa
1022 2440 1128 2496 semper

184 2511 213 2564 in
237 2506 319 2562 rebus
338 2509 375 2563 sit
392 2505 603 2580 particularibus
619 2508 641 2569 ¹,
670 2522 739 2576 quae
759 2504 788 2557 in
807 2509 904 2557 natura
923 2507 997 2558 sunt.
1036 2504 1128 2559 Causa

185 2588 275 2643 miuus
294 2588 439 2660 praecipua
457 2586 591 2656 incipieus
609 2602 663 2639 non
681 2588 723 2638 est
741 2583 770 2637 in
789 2582 862 2643 Deo.
886 2580 950 2653 quia
968 2584 1046 2636 extra
1064 2599 1128 2637 eum

185 2667 254 2723 nibil
288 2671 331 2721 est
364 2667 435 2738 quod
466 2684 527 2720 eum
556 2682 674 2736 premere
703 2667 801 2734 posset.
846 2662 936 2717 Causa
964 2662 1128 2732 praecedens

213 2923 237 2980 l)
269 2919 311 2967 Uti
327 2919 469 2980 quandoper
488 2924 577 2966 ventum
593 2920 742 2965 vehementem
758 2931 818 2963 mare
834 2916 914 2973 siccat,
929 2921 953 2963 et
968 2914 1001 2962 sic
1016 2915 1041 2961 in
1057 2915 1128 2962 omui·

180 2994 220 3040 bus
236 2991 301 3039 rebus
317 2990 496 3052 particularibus.
