2354 3412
653 87 709 144 162

206 269 259 323 que
287 265 356 322 quas
385 246 490 318 aliquid
517 245 666 318 producere
684 245 781 309 debet,
812 246 863 302 hoc
881 247 1034 303 necessario
1050 247 1126 320 produ

201 349 264 387 cere
292 329 400 383 debere.
439 326 519 382 Unde
547 327 671 398 sequitur
699 326 797 390 etiam,
829 327 879 383 hoc
907 325 1013 382 illudve
1030 327 1126 401 partim

206 408 302 463 lariter
319 406 450 461 affirmare
468 404 512 459 vcl
531 422 644 476 negare,
665 405 699 460 ab
717 405 810 477 aliqua
829 423 912 461 causa
930 410 1042 463 externa
1056 423 1126 478 proc·

204 489 270 543 dere
287 487 385 542 debere
399 489 437 555 ¹),
458 503 544 557 neque
563 484 639 540 illam
658 500 768 540 causam
788 485 900 540 liberam
919 504 979 543 esse
998 505 1079 560 posse.
1124 516 1128 531 ·

233 889 258 946 1)
290 885 381 933 Certum
411 890 446 931 est
474 883 605 931 volitionam
638 885 793 946 particularem
819 903 908 935 musam
933 895 1046 937 murnum
1069 890 1129 939 uasa

202 957 284 1003 debera
299 971 344 1014 qua
359 955 402 1013 sit,
418 969 468 1001 cnm
485 955 512 1002 sd
528 955 649 1002 essentiam
665 957 713 1014 ejus
729 956 848 1004 existentia
864 973 909 1006 non
926 959 1044 1021 pertineat.
1131 998 1136 1017 ,

236 1027 261 1075 Si
285 1028 336 1085 quis
360 1025 432 1073 dicere
455 1025 523 1072 vellet
546 1026 604 1084 quod
630 1040 716 1073 causae·
732 1030 780 1086 eJ'ns
804 1029 900 1076 efficiens
923 1031 974 1078 idea
989 1033 1087 1091 nonsit,
1105 1028 1137 1081 d

202 1101 251 1161 ipsa
275 1098 397 1154 voluntas,
422 1112 493 1156 neque
508 1098 566 1144 hanc
583 1103 646 1144 extra
662 1098 800 1145 intellectum
816 1115 864 1146 ease
879 1116 958 1161 posse3
983 1103 1131 1165 quodqoesrp

203 1170 308 1217 voluutas
325 1167 496 1215 indeterminate
511 1174 599 1224 sumta,
621 1167 655 1213 uti
671 1173 693 1214 et
709 1169 851 1229 intellectus,
867 1186 914 1219 non
929 1173 1026 1223 rationis
1041 1170 1077 1224 ssd
1089 1175 1140 1233 mh.

200 1257 243 1288 ens
259 1240 301 1298 sit3
318 1239 456 1300 respondeo,
472 1237 511 1285 nbi
527 1243 614 1285 attente
630 1237 691 1285 iliam
707 1242 837 1299 considero,
853 1257 888 1290 me
903 1243 962 1291 nihil
977 1245 1079 1294 realeiili
1120 1244 1126 1255 '

203 1315 271 1361 boare
286 1328 359 1374 posse.
391 1312 426 1359 Sit
443 1326 496 1358 vero
512 1311 556 1368 ita,
580 1315 678 1357 attamen
694 1312 815 1360 concedere
830 1312 909 1373 dobes,
925 1315 1058 1365 vetitionem

202 1387 256 1434 tatis
272 1401 321 1432 esse
334 1385 533 1440 modificationem,
551 1383 584 1429 uti
594 1382 931 1443 ideaemodiintellsetcssnnt3
946 1387 1106 1436 inculcetis·
1123 1446 1126 1453 Ι

201 1463 225 1505 et
241 1459 344 1504 voluntas
360 1457 435 1503 variae
451 1460 473 1501 et
491 1452 581 1500 realiter
597 1469 610 1498 a
626 1469 649 1500 se
662 1453 789 1501 differentes
798 1454 937 1504 snbstantias
944 1465 999 1505 sunt
1004 1478 1011 1516 3
1027 1475 1054 1506 su

201 1529 276 1585 euim,
302 1542 348 1574 non
372 1541 423 1573 vcro
448 1524 541 1581 modus,
566 1523 712 1571 modificatur.
744 1524 769 1572 Si
794 1541 847 1574 vero
870 1542 931 1575 mens
956 1536 1072 1590 utrumqne

203 1599 352 1647 substantiam
376 1597 465 1658 dirigit,
487 1600 535 1656 Jam
559 1596 628 1656 igitur
643 1595 711 1643 tertia
726 1595 769 1643 erit
785 1597 918 1655 substantia3
944 1614 1003 1659 qnae
1018 1600 1089 1650 omnia
1136 1594 1139 1599 ’
1167 1612 1170 1620 “

200 1671 295 1717 eoninsa
319 1675 385 1726 sunt,
409 1675 434 1715 ut
461 1667 599 1729 impossibile
623 1667 653 1714 sit
678 1666 760 1713 claram
784 1667 955 1728 distinctamque
979 1686 1057 1718 eornm

200 1740 280 1787 ideam.
313 1739 369 1786 Cum
393 1739 451 1786 enim
476 1738 538 1785 ideae
562 1752 607 1784 non
631 1738 677 1784 sint
701 1738 725 1783 in
741 1738 857 1786 volontate
872 1739 910 1786 sad
925 1740 949 1787 in
966 1741 1092 1802 intellectu,

200 1812 297 1859 cundum
313 1812 375 1859 illam
392 1812 490 1872 regulam
506 1810 565 1869 quod
583 1811 649 1857 unius
665 1812 804 1858 substantiae
820 1813 897 1860 modus
913 1815 937 1861 in
953 1815 1047 1864 alterius
1111 1816 1117 1829 ’

201 1889 308 1944 nequeat,
325 1884 349 1930 in
365 1884 481 1929 volontate
496 1895 559 1928 amor
576 1881 631 1927 oriri
648 1881 738 1940 neqnit;
755 1883 928 1932 contradictioni
943 1885 1005 1933 enim
1021 1887 1141 1950 seinph'n

198 1956 283 2014 aliquid
300 1955 368 2012 veile,
384 1957 447 2012 qu'ns
464 1953 496 1999 rei
513 1953 562 1999 idea
577 1967 623 1998 non
639 1952 663 1998 in
679 1957 791 2012 potestate
807 1954 895 2002 volente
912 1955 949 2003 sit.
1135 1986 1143 2027 ἰ

232 2246 257 2294 si
273 2261 325 2293 vero
341 2245 397 2293 dicis
414 2243 563 2298 voluntatem,
581 2248 673 2302 propter
688 2243 792 2291 unionem
809 2260 875 2303 qnam
889 2261 938 2293 curn
947 2248 1064 2297 intellectu
1071 2249 1142 2304 teser

197 2318 267 2365 etiam
292 2317 405 2379 percipere
428 2314 487 2374 quod
511 2313 638 2360 intellectus
654 2315 764 2376 concipit,
788 2321 854 2376 atque
870 2317 902 2364 ita
918 2318 986 2366 etiam
1002 2335 1086 2379 amam
1102 2332 1144 2366 ner

200 2396 273 2447 tetur,
299 2397 453 2451 praeterquam
477 2391 536 2449 quod
560 2381 596 2441 τὸ
620 2392 733 2453 percipere
757 2393 835 2440 modus
858 2395 926 2441 etiam
950 2396 1088 2459 intelligendi
1099 2395 1132 2453 d,

200 2466 321 2513 secundum
344 2466 512 2527 praecedentia,
535 2470 602 2517 etiam
620 2471 639 2516 si
655 2469 707 2516 talis
722 2470 824 2531 corporis
839 2472 964 2531 mentisque
980 2474 1035 2521 unio
1050 2474 1143 2529 adem*

200 2537 262 2584 illam
279 2537 303 2583 in
320 2540 434 2585 voluntate
450 2554 498 2585 esse
514 2555 559 2587 non
575 2557 647 2604 posse.
668 2538 746 2586 Posito
763 2539 821 2587 enim
838 2541 897 2600 quod
913 2556 995 2604 corpus
1010 2559 1059 2592 cnm

201 2607 289 2654 unitum
306 2607 335 2654 sit
352 2608 471 2655 secundnm
487 2623 625 2659 communem
633 2611 818 2671 philosophorum
827 2613 1019 2673 propositionem,
1035 2624 1131 2675 nunqu!

199 2684 275 2723 tamen
291 2692 372 2738 corpus
389 2678 483 2739 percipit
499 2696 570 2741 neque
587 2698 648 2729 mens
664 2682 800 2730 extenditur.
1137 2688 1143 2697 “

232 2747 256 2794 Si
273 2748 397 2796 veredicis
414 2755 508 2797 urentem
524 2757 546 2798 et
562 2753 700 2799 intellectum
716 2759 739 2802 et
756 2755 891 2802 voluntatem
908 2755 1020 2817 dirigere,
1045 2759 1084 2805 hoe
1096 2744 1146 2855 10Ιῖἱ
