2354 3412
419 619 599 702 PARS
639 619 890 704 PRIMA.

501 1164 626 1221 CAPUT
644 1165 812 1223 PRIMUM.

536 1350 614 1394 QUOD
632 1349 704 1389 DEUB
722 1348 775 1387 sln.

217 1520 299 1580 Quod
327 1519 362 1575 ad
390 1519 435 1585 id,
466 1520 539 1593 quod
566 1521 643 1576 Deua
661 1520 713 1585 ait,
743 1519 793 1575 hou
812 1519 928 1575 dicimus
946 1516 1127 1573 demonstrari

181 1616 273 1673 posue:

288 1678 311 1735 I.
347 1679 373 1734 A
384 1680 489 1750 priori:
519 1741 522 1746 ,

219 1760 244 1813 1.
284 1759 371 1814 Omne
389 1760 462 1832 quod
475 1758 547 1815 olere
560 1762 588 1814 et
600 1758 730 1814 distinete
743 1757 923 1830 intelligimus
936 1757 970 1812 ad
981 1756 1127 1811 naturam¹

184 1836 303 1908 alicujus
332 1840 371 1894 rei
399 1840 551 1911 pertinere,
582 1839 633 1894 hoe
661 1839 743 1894 etiam
763 1856 826 1893 vere
844 1856 875 1894 ea
894 1838 928 1892 de
947 1855 976 1892 re
994 1836 1126 1891 affirmare

182 1934 335 1990 possumus.
365 1919 448 1978 Quod
468 1924 559 1974 autem
578 1918 697 1975 essentia
715 1918 749 1973 ad
768 1917 819 1973 Dei
836 1920 962 1972 naturam
974 1916 1124 1988 pertineat,

181 1997 254 2054 elare
273 2002 301 2052 et
320 1997 450 2055 distinete
469 1998 623 2071 intelligere
640 2016 793 2072 possumus·
832 1999 902 2070 Erue
919 2029 955 2039 -

218 2238 244 2292 2.
283 2237 387 2294 Rerum
403 2238 538 2294 essentiae
551 2241 616 2294 sunt
628 2237 662 2293 ab
675 2235 748 2292 omni
762 2236 924 2291 aeternitate
937 2239 965 2290 et
978 2235 1127 2290 manebunt

182 2317 366 2374 immutabiles
384 2318 413 2374 in
432 2323 583 2375 aeternum.
609 2317 661 2373 Dei
675 2315 822 2372 existentia
835 2319 876 2371 eet
889 2315 1016 2371 essentia.
1036 2315 1125 2385 Erue.-

210 2643 235 2700 1)
260 2642 280 2688 I.
305 2657 325 2690 a.
342 2646 444 2690 naturam
460 2643 585 2701 definitam,
609 2658 652 2702 qua
668 2657 703 2689 ree
719 2650 753 2690 eet
769 2643 791 2690 id
807 2642 866 2703 qnod
880 2651 926 2700 eat,
950 2649 973 2690 et
989 2642 1048 2702 quod
1064 2643 1128 2689 nullo

179 2711 260 2770 modo,
276 2713 321 2760 nini
337 2713 426 2774 reipsa
441 2713 567 2772 destructa,
583 2714 610 2760 ab
626 2729 652 2760 aa
667 2714 734 2761 avelli
750 2718 837 2774 potest,
854 2714 887 2760 nti
903 2713 961 2773 quod
978 2713 1006 2760 ad
1022 2718 1127 2760 naturam

179 2783 263 2830 munna
284 2783 395 2844 pertineat
410 2785 491 2843 vallia,
515 2799 571 2844 quae
586 2799 664 2845 nempe
680 2801 731 2833 rere
747 2790 837 2833 aeterna
852 2790 876 2832 et
890 2783 1036 2832 immutabilia
1052 2789 1087 2831 eet
1103 2789 1126 2830 et

178 2872 265 2918 semper
288 2872 336 2904 ease
360 2857 425 2905 debet
447 2857 472 2904 in
496 2856 578 2905 muntia
601 2856 663 2915 idea,
696 2856 739 2904 etei
762 2872 826 2904 moue
849 2856 899 2918 ipra
922 2871 1034 2916 nunquam
1058 2855 1127 2902 inerit

177 2928 212 2975 rel
228 2927 266 2976 ait.
