2354 3412
566 123 623 181 122

122 288 175 344 etsi
195 290 305 342 aeterna
324 288 352 341 et
373 284 608 358 incorruptibilia,
639 284 690 341 hoc
707 287 799 341 taman
818 303 873 341 nun
893 284 994 357 propriu
1007 296 1044 339 ιιι

121 369 239 432 virtute,
254 366 302 422 sed
315 370 347 422 ut
360 365 431 421 modi
444 366 515 430 sint,
530 365 685 422 immediate
698 366 784 422 nDeu
794 366 957 438 pendentes:
970 378 1044 438 quun·

121 448 212 503 obrem
241 464 291 503 neu
319 463 336 502 a
363 446 442 501 nobis
460 445 567 516 concipi
587 449 701 516 possunt
718 445 772 501 nisi
791 445 844 502 Dei
862 445 951 500 ideam
968 443 1044 500 habu·

122 543 195 589 mus,
225 525 255 582 in
282 542 350 598 quo,
380 525 481 596 quippe
508 524 628 596 perlecto
654 525 861 596 necessarioque
883 542 957 581 amor
973 525 1046 580 noster

122 605 274 662 necessario
293 604 432 678 quiescere
451 604 547 666 debet,
567 610 664 676 utque,
686 608 717 658 ιιι
732 604 816 659 verbo
831 604 968 670 dicamus,
986 599 1045 660 nubis

120 683 263 742 intellectu
291 688 383 740 nostro
411 684 468 739 usis
495 682 664 756 impossibile
692 684 745 739 erit
771 684 861 740 Deum
888 702 942 740 non
960 697 1043 743 amno,

120 765 200 837 cujus
218 782 316 821 causae
336 763 426 820 clarae
445 767 524 820 sunt:

156 1005 179 1059 1.
198 1002 288 1066 euim,
311 1018 372 1058 unm
391 1001 496 1074 experti
516 1001 601 1057 simus
619 1001 708 1058 Deum
727 1002 815 1059 sulum
828 1004 973 1059 essentiam
984 999 1046 1057 habe·
1082 1034 1085 1093 l

120 1100 165 1147 re,
194 1099 341 1154 omnesque
360 1081 428 1137 alias
447 1098 489 1136 ras
508 1080 602 1137 modos
621 1083 809 1138 tantummodo
829 1101 902 1149 esse,
928 1081 1045 1155 sequius
1082 1098 1085 1149 ff

118 1163 182 1234 qnia
210 1162 282 1217 modi
311 1179 365 1218 non
393 1160 460 1216 bene
486 1160 605 1233 intelligi
633 1168 748 1234 possunt
772 1162 875 1236 absque
894 1168 956 1220 ente
973 1173 1044 1234 aquo
1082 1162 1085 1205 l

119 1242 254 1314 pandent,
275 1245 303 1296 et
321 1240 386 1313 quia
404 1243 486 1295 antea
494 1239 553 1311 jam
565 1241 825 1309 demonstravimus,
847 1261 897 1300 nos
910 1261 965 1299 rem
977 1257 1044 1316 quau·

121 1323 182 1376 dam
201 1325 341 1386 amantes,
361 1321 470 1393 quando
488 1325 579 1376 amata
598 1322 646 1378 illa
666 1323 803 1379 meliorem
821 1324 941 1396 aliquam
953 1336 1046 1396 cugnou·
1082 1364 1085 1375 .

119 1403 219 1468 cimus,
249 1404 278 1460 in
298 1402 368 1459 hanc
387 1401 568 1459 inclinaturus
587 1401 716 1474 illamqua
735 1403 895 1467 relicturus;
925 1402 1045 1475 sequitur,

121 1483 200 1548 diuo,
229 1499 278 1537 nos
306 1484 410 1546 Deum,
441 1481 541 1554 quippe
568 1482 598 1538 in
626 1498 679 1554 quo
699 1482 757 1538 solo
775 1499 868 1537 amnas
887 1481 1047 1555 perfectiones
1083 1552 1085 1559 Ι

118 1564 192 1628 sint,
213 1565 423 1634 cognoscentes,
445 1563 597 1618 necessario
616 1580 677 1617 eum
696 1579 785 1617 amare
804 1560 912 1619 debere.

154 1801 177 1856 2.
205 1797 354 1856 Intellecta
383 1803 523 1856 nostruin
543 1802 623 1857 rebus
642 1801 838 1874 cognoscendis
855 1806 930 1859 recte
948 1802 999 1865 usi,
1024 1797 1046 1852 in

119 1880 209 1936 causis
228 1897 320 1934 aarum
340 1897 385 1935 eas
404 1897 566 1951 cognoscere
584 1882 730 1946 debemus;
751 1887 779 1937 at
797 1882 862 1955 quia
879 1883 955 1939 Deus
974 1891 1045 1936 rerum
1082 1924 1085 1939 .

119 1959 240 2014 omnium
269 1960 356 2030 prima
384 1965 540 2025 causaest,
568 1961 620 2016 Dei
639 1960 776 2031 cognitio,
806 1961 955 2016 secundum
973 1968 1047 2014 rerum
1073 2008 1077 2015 .

118 2045 260 2103 naturam,
282 2040 402 2095 omnium
422 2040 536 2096 aliarum
556 2058 645 2095 rerum
664 2039 849 2109 cognitionem
868 2040 1000 2110 praecedit
1010 2035 1047 2091 la·

118 2139 231 2193 rumque
250 2121 371 2193 cognitio
391 2120 574 2192 cognitionem
593 2120 696 2192 primae
714 2137 812 2176 causae
831 2119 962 2191 sequitur.
991 2117 1048 2173 Cum

117 2203 156 2256 ita
174 2218 255 2255 verus
274 2216 349 2255 emor
367 2218 471 2272 semper
490 2219 505 2256 e
523 2199 679 2272 cognitione
698 2199 843 2270 procedat,
862 2200 935 2271 quod
953 2215 993 2254 ras
1003 2208 1049 2279 maj

117 2282 216 2353 gnifica
235 2280 359 2352 bonaque
378 2281 430 2344 sit,
455 2281 585 2353 quidnam
604 2279 679 2335 aliud
698 2279 762 2335 inde
780 2279 856 2350 sequi
876 2282 979 2351 potest,
1004 2273 1050 2330 nis

116 2362 145 2416 in
164 2360 299 2415 neminem
318 2377 379 2415 eum
398 2359 585 2416 vehementius
602 2376 791 2432 processurum
810 2375 891 2430 quam
910 2359 939 2415 in
957 2359 1049 2415 Deum,

117 2440 266 2494 Dominum
285 2442 425 2505 nostrum,
446 2441 546 2512 quippe
565 2439 612 2512 qui
632 2439 707 2495 sulus
726 2439 886 2510 magnificus
900 2439 1050 2511 perlectum·

117 2537 169 2591 que
189 2519 290 2574 bonum
306 2518 362 2574 sit?

154 2677 287 2734 Videmus
313 2678 414 2750 igitur,
443 2677 577 2751 quomodo
595 2695 712 2733 amoram
731 2676 950 2742 corroboremus,
978 2666 1058 2748 quod·

117 2775 168 2827 que
187 2757 216 2812 in
236 2757 296 2812 Deo
314 2757 373 2813 solu
391 2758 530 2830 quiescere
550 2757 656 2815 dabant.

153 2835 236 2896 Quod
265 2835 298 2890 de
325 2853 416 2892 amora
444 2835 562 2908 amplius
590 2836 751 2901 dicendum,
779 2836 870 2892 dicare
888 2834 1059 2895 conabimur,

117 2916 226 2987 quando
244 2916 278 2970 de
297 2921 433 2988 postrema
451 2916 619 2988 cognitionis
639 2916 728 2988 specie
747 2933 868 2989 agamus.
