2354 3412
638 121 676 177 22

182 280 225 335 nis
244 279 380 342 redditas:
410 297 460 335 neo
478 280 561 335 etiam
580 281 681 350 major,
710 280 774 352 quia
792 283 859 336 tune
878 279 965 335 altera
983 278 1033 334 illa
1051 278 1129 334 finita

182 363 270 424 osset,
290 360 362 431 quod
382 362 549 416 eontrarium
568 361 652 416 estol
671 361 743 432 qnod
759 361 817 430 jam
830 379 846 415 a
859 360 939 415 nobis
953 359 1128 414 luitdemon·

182 442 310 495 stratum.
347 439 439 510 Igitur
466 441 576 502 eadem.
606 444 633 495 et
660 441 699 494 ita
718 439 840 512 aequalis
858 443 930 494 esset
950 443 1067 510 utraque
1085 436 1128 491 vel

180 521 252 577 duae
270 520 441 576 substantiae
460 521 603 594 aequales,
631 520 705 593 quod
722 520 794 576 elare
813 523 917 592 pugnat
937 536 999 574 oum
1015 519 1129 572 demon·

182 601 315 656 strationo
334 604 427 656 nostra
446 602 544 672 priore.
573 601 659 655 Porro
672 599 742 655 illud
753 600 826 672 quod
840 603 961 655 creatum
974 602 1031 659 est.
1052 597 1130 653 nullo

183 680 263 736 modo
281 699 296 734 e
315 680 402 735 nihilo
420 686 516 736 natum
535 685 593 743 eat,
616 680 663 735 sed
682 679 833 734 necessario
852 679 886 733 ab
904 697 952 740 eo.
972 679 1019 750 qui
1038 694 1130 731 essen·

182 759 258 816 tialis
276 763 333 823 est,
362 767 483 816 creatum
503 778 561 816 esse
580 760 690 821 debuit:
711 759 783 831 quod
803 763 894 813 autem
913 776 948 813 ex
967 776 999 811 eo
1020 755 1127 829 aliquid

183 843 279 894 natum
297 843 384 903 esset,
405 841 478 912 quod
497 843 555 914 ipse
574 859 629 896 non
642 839 733 893 minus
746 838 873 903 haberet,
893 841 1037 909 postquam
1050 854 1085 890 ex
1097 851 1130 889 eo

184 922 278 974 natum
298 920 395 983 fuerit,
417 922 467 976 hoo
487 921 630 977 intellectu
648 923 741 972 nostro
760 935 855 990 sapere
875 919 1031 990 nequimus.
1058 916 1129 970 'l'an-

183 999 244 1054 dem
264 998 286 1052 si
305 999 474 1054 substantiae
494 1017 619 1060 oausam,
638 1018 707 1072 quae
720 1001 884 1072 principium
899 1003 941 1054 est
953 1016 1046 1053 eorum
1061 1015 1132 1070 quae

184 1096 219 1133 ex
237 1078 372 1133 attributo
390 1079 449 1149 ejus
462 1081 643 1152 proveniunt,
663 1096 791 1151 quaerere
804 1080 947 1139 volumus,
967 1079 1069 1133 iterum
1082 1096 1130 1132 no-

183 1159 225 1214 bis
243 1158 397 1229 quaerenda
416 1163 458 1214 est
476 1176 559 1214 cansa
576 1158 652 1214 illius
670 1177 785 1230 causae,
805 1164 833 1214 et
852 1164 911 1213 tum
930 1158 1032 1213 iterum
1047 1157 1131 1228 hujus

184 1256 282 1294 causae
304 1255 403 1301 eausa,
433 1242 461 1293 et
488 1239 527 1293 sie
554 1239 583 1292 in
607 1238 754 1293 infinitum.
793 1238 850 1304 Ut,
880 1239 903 1294 si
928 1237 1007 1292 nobis
1026 1236 1131 1294 alioubi

184 1318 337 1374 necessario
356 1318 522 1373 haerendum
541 1324 569 1373 et
581 1318 805 1390 requiescendum
818 1319 887 1380 erit,
908 1317 959 1372 hoo
972 1318 1020 1372 liat
1032 1319 1062 1372 in
1076 1334 1133 1371 una

185 1398 234 1454 illa
252 1397 415 1454 substantia.

221 1637 305 1698 Quod
323 1637 358 1691 ad
376 1640 421 1702 4.,
442 1636 515 1709 quod
528 1654 582 1692 non
596 1636 652 1692 sint
664 1637 819 1693 substantia
831 1636 875 1691 vel
888 1637 1023 1692 attributa
1035 1637 1065 1691 in
1078 1636 1133 1692 Dei

184 1718 293 1774 infinito
311 1716 467 1779 intellectu,
490 1734 570 1788 quam
589 1734 658 1788 quae
672 1717 727 1773 sint
740 1716 890 1772 formaliter
902 1717 931 1772 in
945 1720 1060 1780 natura,
1081 1716 1135 1770 hoo

184 1796 417 1853 demonstramus:
437 1797 462 1853 1.
481 1814 515 1850 ex
534 1796 585 1850 Dei
604 1798 728 1868 potentia
740 1798 864 1861 infinita,
884 1799 949 1871 quia
962 1799 991 1853 in
1005 1815 1036 1851 eo
1050 1813 1134 1852 eausa

184 1895 243 1932 ease
271 1877 380 1948 nequit,
418 1893 472 1948 qua
499 1877 601 1931 moveri
628 1883 719 1948 posset
747 1896 831 1933 onum
859 1881 936 1951 prius
964 1877 1008 1931 vel
1039 1877 1133 1948 potius

184 1975 265 2031 quam
294 1958 410 2012 alterum
438 1974 544 2019 creare:
576 1959 599 2015 2.
627 1977 661 2013 ex
689 1958 864 2030 simplicitate
883 1959 1035 2015 voluntatis
1055 1957 1130 2028 ejus:

185 2041 210 2094 3.
238 2037 302 2108 quia
328 2036 357 2091 id
384 2036 456 2108 qnod
487 2036 586 2091 bonum
614 2042 656 2092 est
683 2041 771 2095 faeere
799 2041 924 2095 omittere
947 2040 1058 2111 nequit,
1088 2037 1131 2092 nti

185 2122 280 2190 postea
316 2115 574 2177 demonstrabimus
608 2120 634 2172 4.
664 2121 729 2191 quia
762 2121 790 2175 id
822 2121 893 2191 quod
923 2120 1043 2174 nondum
1072 2121 1132 2181 est,

185 2213 323 2268 nunquam
344 2213 402 2250 esse
420 2200 526 2266 potest,
547 2213 609 2250 oum
628 2216 684 2252 una
702 2199 857 2254 substantia
873 2198 985 2254 alteram
1000 2197 1133 2269 produce·

183 2293 212 2330 re
240 2279 367 2347 nequeat.
405 2274 450 2328 Ex
468 2274 568 2346 quibus
586 2278 713 2332 omnibns
731 2279 869 2350 sequitur,
889 2279 962 2351 quod
981 2279 1015 2333 de
1033 2281 1134 2332 natura

183 2355 276 2410 omnia
294 2355 323 2409 in
343 2353 469 2408 omnibus
487 2353 632 2419 dicuntur,
653 2361 681 2411 et
699 2356 772 2428 quod
790 2356 830 2411 ita
848 2362 947 2412 natura
959 2356 1087 2412 consistit
1100 2371 1134 2410 ex

186 2434 303 2490 infinitis
331 2432 488 2498 attributis,
521 2450 635 2504 quorum
663 2436 875 2507 unumquodque
903 2437 932 2492 in
960 2454 1059 2508 genere
1084 2453 1134 2491 suo

186 2515 335 2588 perlectum
365 2513 418 2574 sit:
449 2513 521 2584 qnod
549 2513 583 2568 ab
611 2516 685 2569 omni
715 2519 791 2586 parte
820 2516 961 2587 respondit
979 2515 1133 2570 definitioni

186 2613 256 2670 quae
275 2594 308 2648 de
327 2593 387 2649 Deo
405 2593 444 2649 fit.
461 2623 498 2634 -

223 2675 327 2729 Contra
345 2672 432 2735 illud,
463 2671 536 2743 quod
552 2671 609 2743 jam
628 2672 765 2738 diximus,
791 2674 919 2728 nimirum
939 2673 1008 2728 nihil
1028 2691 1087 2729 esse
1106 2674 1135 2729 iu

188 2755 241 2810 Dei
269 2753 378 2808 infinito
405 2751 549 2808 intellectu
577 2752 630 2807 nisi
658 2753 730 2824 quod
749 2753 901 2808 formaliter
919 2753 1020 2808 existat
1038 2754 1068 2809 in
1087 2772 1135 2809 rra·

188 2839 266 2898 tura,
288 2832 415 2887 nonnulli
435 2831 474 2887 sio
493 2832 632 2904 disputare
650 2832 763 2887 volunt:
