2354 3412
650 81 707 138 168

204 242 349 297 conveniat
368 242 385 298 i.
404 259 426 298 e.
445 241 517 314 quud
537 260 580 296 res
599 241 632 296 de
651 260 680 296 se
692 259 746 296 uon
760 242 872 298 affirmet
884 242 928 298 vel
943 245 1031 314 neget.
1048 242 1128 298 &um

203 338 267 375 vero
286 323 374 392 quod,
396 321 442 376 ubi
463 322 530 376 bene
549 321 716 376 attendimus
736 323 768 376 ed
784 322 853 376 illud
868 324 940 394 quod
953 323 987 377 de
1000 323 1129 378 veritatoet

204 402 323 458 falsitate
343 403 475 465 diximus,
497 403 560 459 huic
580 403 728 473 objectioni
748 404 814 458 satis
834 421 994 475 responsum
1008 422 1064 460 esse
1073 402 1129 458 vide·

204 496 300 544 amus:
339 483 457 538 diximus
486 485 557 538 enim
586 483 721 553 objectum
751 500 860 538 causam
888 502 948 539 esse
978 484 1052 541 illius
1075 481 1129 555 quod

203 561 351 617 affirmatur
378 565 421 618 vel
451 568 581 634 negatur,
612 565 683 618 sitne
711 579 805 616 verum
831 563 875 618 vel
903 563 1016 627 falsum:
1046 561 1130 618 falsitas

202 644 273 697 enim
293 643 357 697 inde
379 644 481 707 oritur,
504 644 575 715 quod
598 643 702 715 aliquid
722 643 755 697 de
772 643 880 713 objecto
893 643 1070 716 percipientes
1080 641 1130 696 ima

203 724 328 794 giuemur
347 723 380 777 ad
400 728 488 779 totum
508 723 643 794 objectum
663 723 714 776 hoc
734 723 884 792 pertinere:
906 722 979 794 quod
996 723 1131 794 plerumque

202 801 338 857 debilibus
367 803 394 856 in
424 803 523 857 animis
551 802 639 857 lucum
659 801 756 866 habet,
787 803 834 874 qui
853 802 908 858 levi
927 802 1027 873 objecti
1044 801 1131 857 actious

201 881 281 936 facile
301 881 411 936 modum
429 881 488 952 ejus
506 881 551 935 vel
569 882 657 936 ideam
677 881 705 936 in
725 898 753 936 se
772 883 941 954 suscipient,
961 876 1129 954 praeterquod

200 962 228 1015 in
247 962 282 1016 iis
301 961 378 1016 nulla
398 967 439 1016 est
458 961 600 1017 affirmatio
620 961 662 1016 vel
682 962 800 1032 negatio.

236 1269 326 1340 Objici
352 1268 469 1340 denique
488 1268 569 1323 etiam
589 1268 667 1323 uobis
686 1274 793 1340 posset,
823 1268 924 1323 multas
942 1285 1002 1323 esse
1020 1280 1130 1339 tesquis

200 1350 326 1405 volumus
352 1347 549 1418 nummusque,
580 1347 620 1401 uti
640 1365 665 1400 v.
688 1366 711 1403 c.
733 1348 837 1420 aliquid
857 1349 889 1402 de
909 1366 937 1402 re
956 1347 1082 1403 affirmare
1097 1340 1129 1399 oet

200 1448 254 1485 nou
273 1428 421 1492 offirmare,
454 1428 596 1482 veritatem
616 1427 705 1482 dicere
724 1428 768 1482 vel
787 1446 841 1483 nou
861 1427 965 1490 dicere,
996 1431 1047 1482 etc.
1081 1423 1130 1481 fle

199 1527 262 1565 vero
291 1509 355 1562 iude
385 1508 523 1579 procedit,
553 1507 624 1578 quod
653 1508 790 1578 cupiditas
808 1525 863 1562 non
883 1509 950 1562 satis
969 1525 986 1561 a
1006 1505 1129 1561 volume

197 1590 393 1658 distinguatur.
440 1587 612 1657 Quamquam
645 1587 716 1640 euim
747 1593 861 1658 utraque
890 1586 1033 1641 affirmatio
1063 1600 1127 1655 negt·

197 1669 270 1723 tiove
291 1667 329 1721 rei
349 1668 402 1728 sit,
422 1668 451 1721 iu
472 1665 521 1719 illo
540 1665 670 1719 differunt
680 1667 752 1738 quod
762 1672 898 1738 postrema
912 1666 990 1722 uullc
1003 1671 1125 1738 respectu,

198 1748 283 1819 prima
302 1764 366 1801 vero
385 1751 510 1816 respectu
530 1745 592 1800 boui
612 1745 725 1808 malive,
750 1747 875 1810 dicatur,
896 1747 970 1819 quod
989 1749 1018 1802 iu
1037 1765 1064 1802 re
1081 1761 1127 1802 ooo·

197 1829 347 1890 sideratur;
378 1829 416 1882 ita
446 1832 477 1881 ut
504 1825 664 1897 Cupiditas,
694 1827 775 1880 etiam
804 1831 865 1896 pust
893 1826 1091 1882 affirmationem
1106 1825 1127 1876 et

196 1899 386 1980 negationem,
408 1926 486 1980 quam
508 1909 541 1961 de
561 1906 737 1968 refecimus,
759 1919 931 1976 permaneat,
951 1907 985 1961 ad
1004 1905 1071 1960 illud
1082 1899 1125 1958 scii.

196 1989 390 2052 obtinendum,
420 1987 492 2059 quod
520 1987 625 2057 experti
654 2003 747 2041 sumus
771 1985 814 2039 vel
832 1984 1025 2040 affirmavimus
1043 1984 1123 2039 bouum

197 2086 271 2131 esse;
292 2068 332 2122 ite
351 2075 382 2122 ut
400 2068 528 2122 voluntas
547 2067 656 2139 quidem
677 2068 735 2121 siue
754 2067 925 2138 cupiditate,
947 2084 997 2122 nec
1016 2082 1075 2120 vero
1090 2079 1122 2118 co·

198 2148 299 2218 piditas
319 2149 376 2203 siue
396 2149 538 2203 vuluntate
558 2165 616 2202 esse
636 2149 732 2219 possit.

227 2456 328 2510 Omnes
356 2457 478 2511 actiones
497 2457 583 2527 igitur
604 2458 636 2511 de
656 2457 755 2528 quibus
775 2456 1012 2528 supradiximus,
1038 2453 1114 2526 quippo

192 2554 261 2607 quae
281 2554 297 2590 a
316 2537 422 2590 ratione
443 2535 493 2589 sub
514 2536 578 2591 boui
597 2537 685 2608 specie
705 2538 773 2591 fiant
791 2538 847 2591 sive
862 2536 926 2591 mali
939 2535 1112 2607 impediantur.

193 2615 334 2686 appetitus
347 2621 472 2674 tantum.
493 2632 562 2687 quae
576 2616 713 2688 cupiditas
726 2621 857 2680 vocatur,
877 2614 955 2670 nullo
970 2632 1030 2668 vero
1043 2606 1114 2666 modo.

194 2695 247 2749 nusi
276 2695 355 2749 valde
380 2696 541 2767 improprie,
570 2696 721 2752 voluntatis
741 2696 849 2750 nomine
870 2692 1053 2767 comprehendi
1067 2701 1116 2761 ροῦ-

193 2781 266 2830 sunt.

649 2877 683 2887 μ
