2354 3412
570 109 608 166 60

115 269 204 324 tinata
222 287 303 340 quam
323 272 403 335 sunt,
423 287 507 342 aeque
528 269 663 340 perfectus
681 274 770 326 esset?
793 268 838 322 Ad
857 268 929 340 quod
951 286 1063 340 respou-

115 348 228 410 deatur,
248 348 334 421 quod,
356 348 378 402 si
397 353 495 404 natura
514 348 548 403 ab
567 348 640 403 omni
659 348 820 402 aeternitate
839 347 894 402 alic
910 348 991 403 modo
1006 365 1063 404 ere·

115 433 161 482 ata
188 433 260 483 esset
278 446 358 500 quam
379 446 452 484 nunc
470 432 562 483 creata
580 432 636 492 est,
668 433 734 483 tunc
752 446 785 482 ex
804 445 896 482 eorum
916 429 1061 499 opinione,

113 509 161 579 qui
191 508 250 563 Deo
278 509 447 563 voluntatem
468 512 495 562 et
514 507 684 563 intellectum
703 503 878 568 adscribunt,
906 508 1063 564 necessario

114 593 287 649 secuturum,
308 588 394 642 Deum
415 592 482 643 tunc
501 588 581 642 aliam
597 593 743 660 utrumque
756 592 784 642 et
796 586 966 641 voluntatem
980 592 1009 641 et
1019 588 1063 643 iu·

116 667 257 722 tellectum
282 667 379 722 habere
399 667 541 732 debuisse,
574 667 673 738 quibus
691 685 734 721 res
752 666 833 720 aliter
850 666 960 721 fecisset
979 684 1061 738 quana

114 749 284 810 factasunt:
306 751 333 802 et
352 748 391 803 sic
411 752 569 820 sequeretur
587 747 674 800 Deum
694 751 760 801 tunc
779 745 862 800 alium
882 746 967 801 luisse
980 759 1062 819 quam

115 832 171 889 est:
193 845 276 899 quare
294 831 426 898 ponentes
444 828 533 883 Deum
552 843 626 881 nunc
644 826 764 881 omnium
777 827 1003 896 perfectissimum
1020 845 1058 883 er·

114 925 159 968 se,
179 905 270 961 dicere
289 906 412 977 cogimur
430 923 491 960 eum
510 905 593 960 talem
613 924 667 961 non
686 907 809 960 futurum
829 907 851 961 si
870 907 962 962 omnia
981 907 1060 963 aliter

113 989 227 1040 crearet.
254 986 333 1045 Quae
352 987 443 1040 omnia
462 985 629 1040 absurditate
642 985 722 1056 plena
736 985 811 1040 nullo
825 985 905 1040 modo
917 987 992 1052 Deo,
1012 987 1059 1060 qui

115 1082 204 1127 nunc,
220 1068 248 1119 et
260 1064 289 1119 in
302 1081 408 1119 omnem
423 1065 610 1119 aeternitatem
624 1065 803 1120 immutabilis
816 1072 871 1129 est,
885 1068 939 1122 fuit
952 1069 1057 1133 eterit,

113 1144 199 1199 tribui
226 1149 351 1216 possunt.
389 1144 471 1204 Quod
496 1162 576 1216 porro
595 1163 611 1198 a
630 1145 707 1200 nobis
726 1146 927 1201 demonstratur
947 1167 980 1203 ex
1000 1148 1060 1205 deo·

113 1223 248 1293 criptione
266 1241 347 1295 quam
367 1223 491 1279 dedimus
510 1241 607 1279 causae
626 1224 743 1290 liberae,
763 1226 863 1298 quippe
879 1244 948 1297 quae
961 1246 1017 1283 non
1030 1229 1059 1284 in

114 1320 146 1357 eo
165 1306 298 1360 consistet
318 1308 349 1359 ut
368 1304 471 1376 aliquid
490 1304 534 1358 vel
553 1322 632 1371 agere
650 1304 692 1358 rel
710 1306 835 1360 omittere
849 1305 950 1376 possit,
971 1307 1019 1362 sed
1032 1308 1059 1363 in

114 1399 146 1436 eo
165 1382 222 1437 solo
243 1388 273 1437 ut
286 1401 302 1437 a
315 1382 393 1438 nullo
406 1383 460 1439 alio
473 1383 604 1455 pendeat,
625 1385 717 1456 itaque
730 1403 809 1440 omne
822 1385 894 1457 quod
907 1391 971 1457 agat
985 1387 1061 1442 Deus

113 1463 148 1517 ab
176 1481 207 1517 eo
227 1464 297 1528 solo,
333 1469 463 1536 tanquam
491 1483 508 1519 a
535 1482 618 1520 causa
636 1464 836 1535 sapientissima
855 1465 912 1519 fieri
931 1469 959 1520 et
977 1467 1057 1523 effici.

112 1543 187 1604 Quia
206 1549 296 1598 autem
315 1545 392 1600 Deus
409 1562 499 1599 rerum
512 1546 599 1616 prima
617 1562 699 1600 cause
717 1548 772 1607 est,
794 1541 899 1614 aliquid
912 1545 941 1599 in
955 1562 987 1600 eo
1000 1564 1059 1601 esse

113 1622 211 1689 debet,
231 1641 278 1693 per
296 1625 368 1696 quod
388 1630 452 1695 agat
471 1626 542 1696 quod
562 1625 620 1695 agit
639 1641 688 1679 nec
707 1641 786 1694 agere
804 1623 931 1685 omittat:
952 1629 980 1679 ct
992 1627 1058 1699 quia

113 1701 183 1756 illud
202 1704 276 1773 quod
294 1721 356 1757 eum
375 1702 479 1776 aliquid
498 1720 577 1774 agere
594 1705 690 1768 faciat,
712 1702 780 1758 nihil
799 1701 950 1757 aliudesse
969 1709 1062 1775 potest

111 1800 193 1854 quam
221 1783 280 1853 ipsa
299 1783 358 1853 ejus
377 1783 520 1854 perfectio,
549 1783 752 1846 concludimus,
780 1782 832 1836 nisi
851 1781 910 1851 ejus
929 1784 1061 1853 perfectio

112 1877 191 1932 agere
219 1861 289 1916 illud
308 1880 369 1916 eum
389 1863 508 1927 faceret,
537 1879 580 1916 res
599 1881 653 1917 non
672 1863 820 1917 existerent
838 1879 889 1916 nec
908 1880 967 1916 esse
986 1863 1061 1918 ince-

114 1943 219 2012 pissent
237 1961 269 1997 eo
288 1945 368 1998 modo
388 1961 441 2016 quo
457 1944 514 2015 jam
532 1947 605 1998 suut.

149 2579 300 2654 Hucusque
319 2582 352 2637 de
372 2583 459 2654 prima
476 2583 529 2638 Dei
548 2582 721 2655 proprietate.
752 2580 932 2636 Transeamus
947 2580 1005 2651 jam
1025 2581 1061 2636 ad

115 2660 264 2715 secundum
283 2662 342 2733 ejus
361 2661 540 2726 attributum,
565 2661 638 2733 quod
657 2661 794 2733 proprium
814 2660 843 2715 in
861 2678 893 2715 eo
911 2679 1058 2728 vocamus,

114 2741 142 2794 et
159 2739 300 2796 rideamus
319 2741 385 2815 quid
404 2741 483 2798 nobis
502 2741 535 2796 de
554 2759 585 2795 ea
603 2742 748 2797 dicendum
768 2742 813 2796 sit.

568 2929 603 2943 Q
