2354 3412
566 110 605 166 48

112 270 230 343 quadam
259 289 287 326 rc
306 275 367 326 orta
386 275 466 334 sunt,
497 271 549 326 nisi
570 272 659 343 quoad
678 288 769 324 earum
789 287 886 325 causae
906 270 964 324 siue
984 285 1016 322 eo
1035 271 1064 323 et

112 357 191 406 extra
210 369 272 405 eum
292 368 347 406 non
366 356 513 422 operantur
532 369 581 406 nec
600 351 705 422 operari
725 357 854 422 possunt,
875 349 947 403 unde
961 349 1062 410 etiam,

112 431 213 505 quippe
230 448 284 485 non
297 431 454 488 immediate
467 449 483 485 a
498 431 558 486 Deo
571 431 734 502 productae,
756 429 842 500 perire
855 432 979 500 possunt.
1001 428 1064 484 Hoc

112 515 204 565 autem
229 510 293 565 mihi
313 529 368 565 non
388 510 537 573 satisfacit;
567 511 647 566 video
666 514 737 565 enim
752 518 779 563 te
792 510 969 568 concludere.
991 507 1066 579 quod

113 589 250 643 humanus
266 588 426 645 intellectus
445 590 606 645 immortalis
627 591 677 656 sit,
699 591 763 662 quia
781 607 850 662 opus
869 593 910 643 est
928 606 944 642 a
962 586 1066 643 Deoia

115 686 143 722 se
171 668 230 738 ipso
259 669 437 739 productum
468 686 530 724 cum
558 669 644 740 igitur
666 671 722 738 jam
744 671 800 724 fieri
822 687 876 722 non
895 669 986 738 potuit
1005 665 1066 738 plu·

115 747 191 803 ribus
219 765 288 818 opus
312 748 396 803 fnisse
415 749 449 802 ad
468 749 549 804 tatem
570 749 741 804 intellectum
762 749 965 820 producendum
985 762 1067 818 qnam

116 827 261 882 attributis
281 827 350 891 Dei,
377 834 409 882 ut
428 846 476 883 ens
495 834 566 882 esset
584 829 649 883 talis
668 829 858 899 perfectionis,
880 844 988 883 necesse
1007 836 1065 900 est,

115 905 232 962 simulac
250 923 343 962 omnes
361 907 431 962 aliae
450 924 492 962 res
511 925 528 962 a
547 908 605 962 Dec
621 908 777 963 immediate
790 909 955 980 productae,
975 906 1010 961 ab
1023 924 1067 961 ae·

115 992 195 1042 terno
215 991 336 1041 creatum
355 987 455 1050 suisse;
476 989 564 1059 quod,
586 989 640 1043 nisi
663 987 758 1051 fallor,
779 991 860 1043 etiam
884 993 911 1043 te
930 988 1067 1042 dicentem

115 1066 218 1122 audiri.
252 1065 334 1125 Quod
355 1066 378 1121 si
397 1067 437 1122 ita
458 1074 514 1129 est,
542 1069 677 1138 quomodo
696 1068 773 1123 nulla
791 1067 952 1123 difficultate
971 1066 1069 1120 relicta

117 1145 286 1218 explicabis?

127 1603 129 1610 ,
160 1546 271 1613 Pheopt.
309 1543 410 1598 Verum
433 1550 491 1607 est,
513 1544 641 1609 Erasme,
662 1563 704 1599 res
723 1562 792 1615 quae
811 1547 845 1598 ab
858 1551 969 1598 aeterno
982 1562 998 1597 a
1012 1543 1071 1598 Deo

122 1626 229 1679 creatae
259 1627 338 1687 sunt,
367 1628 477 1694 propter
504 1625 623 1695 ipsarum
652 1625 826 1679 existentiam
856 1624 932 1679 nulla
960 1624 1016 1678 alia
1044 1639 1071 1677 re

123 1703 177 1758 nisi
206 1702 348 1757 attributis
377 1703 430 1758 Dei
452 1722 520 1775 epus
540 1706 653 1765 habere;
683 1705 729 1759 sed
749 1704 930 1760 animadverti
949 1706 1069 1776 oportet,

122 1782 213 1856 quod,
243 1783 294 1837 etsi
319 1784 471 1837 necessario
489 1784 523 1838 ad
543 1785 581 1837 rei
601 1784 775 1839 existentiam
795 1785 960 1840 modificatio
980 1783 1071 1854 singu·

124 1862 189 1918 laris
205 1862 341 1933 exigitur,
361 1874 389 1916 et
402 1881 445 1917 res
458 1869 563 1934 praeter
576 1864 709 1919 attributa
723 1866 789 1925 Dei.
812 1866 898 1920 Deum
912 1871 1003 1918 tamen
1018 1879 1071 1916 non

124 1960 230 1999 cessare
250 1959 305 1996 rem
324 1943 480 1998 immediate
493 1946 641 2015 producere
655 1964 747 2013 posse:
768 1965 830 2000 nam
844 1947 916 2000 inter
926 1963 968 2000 res
982 1959 1072 1998 neces-

124 2022 221 2085 sarias,
253 2040 321 2094 quae
340 2024 488 2094 exiguntur
506 2030 538 2079 ut
557 2044 599 2080 res
618 2025 709 2096 aliqua
728 2026 780 2086 sit.
804 2026 936 2098 quaedam
956 2031 1021 2079 sunt
1040 2021 1072 2076 ad

125 2122 182 2159 rem
208 2102 410 2172 producendam
430 2110 458 2158 et
476 2104 546 2159 aliae
566 2113 595 2160 ut
614 2123 657 2160 res
675 2106 809 2177 preducta
827 2125 884 2160 esse
904 2107 1005 2176 possit.
1033 2101 1073 2158 uti

127 2199 169 2238 ex.
197 2199 237 2251 gr.
260 2182 283 2236 si
302 2183 331 2236 in
350 2200 457 2238 camera
475 2184 591 2256 quadam
611 2185 698 2240 lucem
719 2187 815 2240 habere
835 2187 913 2252 volo,
944 2187 1012 2240 hanc
1031 2201 1074 2239 ac·

125 2260 228 2320 cende,
257 2261 299 2314 vel
318 2263 463 2317 fenestram
484 2265 591 2334 aperio,
612 2284 665 2336 quo
684 2266 757 2320 facto
776 2283 882 2321 camera
900 2265 1071 2325 illustratur:

127 2344 156 2395 at
179 2340 221 2393 vel
242 2341 282 2395 sic
301 2346 391 2396 tamen
411 2345 535 2397 accensio
554 2344 602 2398 itta
622 2344 664 2399 vel
685 2347 789 2416 apertio
808 2346 896 2400 lucem
918 2363 971 2399 non
991 2344 1072 2405 facit,

124 2419 173 2475 sed
192 2418 274 2474 efficit
292 2425 400 2475 tantum
419 2423 508 2478 lucem
527 2441 659 2479 cameram
673 2425 812 2480 illustrare
825 2429 867 2479 vet
882 2426 910 2480 in
924 2444 981 2479 eam
997 2443 1076 2496 posse

127 2501 284 2572 pervenire:
305 2506 332 2555 et
351 2502 391 2558 sic
410 2505 491 2558 etiam
511 2506 545 2558 ad
564 2507 685 2576 corporis
704 2506 821 2576 alicujus
842 2510 943 2560 motum
957 2507 1077 2576 exigitur

127 2581 204 2636 atiud
232 2598 346 2652 corpus,
376 2586 448 2655 quod
477 2603 583 2639 omnem
612 2585 695 2639 istum
725 2591 827 2641 motum
851 2586 951 2642 habeat
969 2604 1077 2642 necasse
