<?xml version="1.0" encoding="UTF-8"?>
<!DOCTYPE html PUBLIC "-//W3C//DTD XHTML 1.0 Transitional//EN"
    "http://www.w3.org/TR/xhtml1/DTD/xhtml1-transitional.dtd">
<html xmlns="http://www.w3.org/1999/xhtml" xml:lang="en" lang="en">
 <head>
  <title>
</title>
<meta http-equiv="Content-Type" content="text/html;charset=utf-8" />
  <meta name='ocr-system' content='tesseract 3.04.00' />
  <meta name='ocr-capabilities' content='ocr_page ocr_carea ocr_par ocr_line ocrx_word'/>
</head>
<body>
  <div class='ocr_page' id='page_1' title='image "adbenedictidesp00spingoog_0162.png"; bbox 0 0 2354 3412; ppageno 0'>
   <div class='ocr_carea' id='block_1_1' title="bbox 563 81 619 140">
    <p class='ocr_par' dir='ltr' id='par_1_1' title="bbox 563 81 619 140">
     <span class='ocr_line' id='line_1_1' title="bbox 563 81 619 140; baseline 0 0"><span class='ocrx_word' id='word_1_1' title='bbox 563 81 619 140; x_wconf 75' lang='lat'><strong>162</strong></span> 
     </span>
    </p>
   </div>
   <div class='ocr_carea' id='block_1_2' title="bbox 114 236 1043 625">
    <p class='ocr_par' dir='ltr' id='par_1_2' title="bbox 114 236 1043 625">
     <span class='ocr_line' id='line_1_2' title="bbox 116 236 1041 317; baseline 0.001 -21"><span class='ocrx_word' id='word_1_2' title='bbox 116 259 192 297; x_wconf 88' lang='lat' dir='ltr'><strong>snam</strong></span> <span class='ocrx_word' id='word_1_3' title='bbox 205 259 237 297; x_wconf 92' lang='lat' dir='ltr'><strong>eo</strong></span> <span class='ocrx_word' id='word_1_4' title='bbox 247 243 377 308; x_wconf 89' lang='lat' dir='ltr'><strong>ostendit,</strong></span> <span class='ocrx_word' id='word_1_5' title='bbox 391 243 463 316; x_wconf 90' lang='lat' dir='ltr'><strong>quod</strong></span> <span class='ocrx_word' id='word_1_6' title='bbox 477 261 536 298; x_wconf 83' lang='lat' dir='ltr'><strong>eam</strong></span> <span class='ocrx_word' id='word_1_7' title='bbox 549 244 688 300; x_wconf 85' lang='lat' dir='ltr'><strong>intuentes</strong></span> <span class='ocrx_word' id='word_1_8' title='bbox 700 245 794 300; x_wconf 88' lang='lat' dir='ltr'><strong>statim</strong></span> <span class='ocrx_word' id='word_1_9' title='bbox 808 242 907 299; x_wconf 85' lang='lat' dir='ltr'><strong>malam</strong></span> <span class='ocrx_word' id='word_1_10' title='bbox 919 236 1041 317; x_wconf 61' lang='lat' dir='ltr'><strong>damnis}</strong></span> 
     </span>
     <span class='ocr_line' id='line_1_3' title="bbox 115 320 1043 394; baseline 0 -18"><span class='ocrx_word' id='word_1_11' title='bbox 115 326 259 394; x_wconf 90' lang='lat' dir='ltr'><strong>postquam</strong></span> <span class='ocrx_word' id='word_1_12' title='bbox 279 322 379 377; x_wconf 89' lang='lat' dir='ltr'><strong>malum</strong></span> <span class='ocrx_word' id='word_1_13' title='bbox 398 341 456 378; x_wconf 89' lang='lat' dir='ltr'><strong>esse</strong></span> <span class='ocrx_word' id='word_1_14' title='bbox 475 323 720 379; x_wconf 88' lang='lat' dir='ltr'><strong>demonstravimus</strong></span> <span class='ocrx_word' id='word_1_15' title='bbox 739 341 768 378; x_wconf 88' lang='lat' dir='ltr'><strong>se</strong></span> <span class='ocrx_word' id='word_1_16' title='bbox 791 323 871 378; x_wconf 88' lang='lat' dir='ltr'><strong>rebus</strong></span> <span class='ocrx_word' id='word_1_17' title='bbox 893 320 1043 393; x_wconf 71' lang='lat' dir='ltr'><strong>adstringant</strong></span> 
     </span>
     <span class='ocr_line' id='line_1_4' title="bbox 115 382 1042 474; baseline 0.008 -19"><span class='ocrx_word' id='word_1_18' title='bbox 115 405 144 455; x_wconf 93' lang='lat' dir='ltr'><strong>et</strong></span> <span class='ocrx_word' id='word_1_19' title='bbox 161 401 297 473; x_wconf 81' lang='lat' dir='ltr'><strong>obligare,</strong></span> <span class='ocrx_word' id='word_1_20' title='bbox 324 419 393 474; x_wconf 89' lang='lat' dir='ltr'><strong>quae</strong></span> <span class='ocrx_word' id='word_1_21' title='bbox 412 402 492 459; x_wconf 81' lang='lat' dir='ltr'><strong>facile</strong></span> <span class='ocrx_word' id='word_1_22' title='bbox 511 403 590 458; x_wconf 91' lang='lat' dir='ltr'><strong>nobis</strong></span> <span class='ocrx_word' id='word_1_23' title='bbox 609 403 732 459; x_wconf 86' lang='lat' dir='ltr'><strong>excidere</strong></span> <span class='ocrx_word' id='word_1_24' title='bbox 751 406 780 458; x_wconf 85' lang='lat' dir='ltr'><strong>s&#39;t</strong></span> <span class='ocrx_word' id='word_1_25' title='bbox 797 402 912 458; x_wconf 88' lang='lat' dir='ltr'><strong>deficere</strong></span> <span class='ocrx_word' id='word_1_26' title='bbox 931 382 1042 474; x_wconf 52' lang='lat' dir='ltr'><strong>possuntt</strong></span> 
     </span>
     <span class='ocr_line' id='line_1_5' title="bbox 114 480 1043 555; baseline -0.002 -20"><span class='ocrx_word' id='word_1_27' title='bbox 114 482 196 553; x_wconf 88' lang='lat' dir='ltr'><strong>atque</strong></span> <span class='ocrx_word' id='word_1_28' title='bbox 214 483 279 552; x_wconf 90' lang='lat' dir='ltr'><strong>quia</strong></span> <span class='ocrx_word' id='word_1_29' title='bbox 301 482 433 554; x_wconf 78' lang='lat' dir='ltr'><strong>quaedam</strong></span> <span class='ocrx_word' id='word_1_30' title='bbox 455 483 585 539; x_wconf 77' lang='lat' dir='ltr'><strong>tristitiae</strong></span> <span class='ocrx_word' id='word_1_31' title='bbox 607 485 710 555; x_wconf 86' lang='lat' dir='ltr'><strong>species</strong></span> <span class='ocrx_word' id='word_1_32' title='bbox 731 487 790 548; x_wconf 87' lang='lat' dir='ltr'><strong>est,</strong></span> <span class='ocrx_word' id='word_1_33' title='bbox 809 483 898 538; x_wconf 85' lang='lat' dir='ltr'><strong>vitare</strong></span> <span class='ocrx_word' id='word_1_34' title='bbox 910 494 968 538; x_wconf 80' lang='lat' dir='ltr'><strong>eam</strong></span> <span class='ocrx_word' id='word_1_35' title='bbox 980 480 1043 552; x_wconf 57' lang='lat' dir='ltr'><strong>oport</strong></span> 
     </span>
     <span class='ocr_line' id='line_1_6' title="bbox 115 562 1041 625; baseline 0.003 -9"><span class='ocrx_word' id='word_1_36' title='bbox 115 566 170 625; x_wconf 89' lang='lat' dir='ltr'><strong>tet,</strong></span> <span class='ocrx_word' id='word_1_37' title='bbox 191 563 231 616; x_wconf 91' lang='lat' dir='ltr'><strong>uti</strong></span> <span class='ocrx_word' id='word_1_38' title='bbox 250 562 283 616; x_wconf 88' lang='lat' dir='ltr'><strong>de</strong></span> <span class='ocrx_word' id='word_1_39' title='bbox 302 562 416 617; x_wconf 82' lang='lat' dir='ltr'><strong>tristitia</strong></span> <span class='ocrx_word' id='word_1_40' title='bbox 435 566 586 619; x_wconf 75' lang='lat' dir='ltr'><strong>tractantes</strong></span> <span class='ocrx_word' id='word_1_41' title='bbox 604 563 769 618; x_wconf 85' lang='lat' dir='ltr'><strong>notavimus.</strong></span> <span class='ocrx_word' id='word_1_42' title='bbox 1038 580 1041 589; x_wconf 77' lang='lat'>¹</span> 
     </span>
    </p>
   </div>
   <div class='ocr_carea' id='block_1_3' title="bbox 1004 716 1044 751">
    <p class='ocr_par' dir='ltr' id='par_1_3' title="bbox 1004 716 1044 751">
     <span class='ocr_line' id='line_1_7' title="bbox 1004 716 1044 751; baseline 0 0"><span class='ocrx_word' id='word_1_43' title='bbox 1004 736 1007 743; x_wconf 44' lang='grc' dir='ltr'>ν</span> <span class='ocrx_word' id='word_1_44' title='bbox 1035 716 1044 751; x_wconf 72' lang='lat' dir='ltr'><strong>i</strong></span> 
     </span>
    </p>
   </div>
   <div class='ocr_carea' id='block_1_4' title="bbox 113 879 1087 1653">
    <p class='ocr_par' dir='ltr' id='par_1_4' title="bbox 113 879 1087 1653">
     <span class='ocr_line' id='line_1_8' title="bbox 149 879 1041 953; baseline -0.003 -18"><span class='ocrx_word' id='word_1_45' title='bbox 149 879 213 935; x_wconf 80' lang='lat' dir='ltr'><strong>daur</strong></span> <span class='ocrx_word' id='word_1_46' title='bbox 232 879 325 951; x_wconf 86' lang='lat' dir='ltr'><strong>itaque</strong></span> <span class='ocrx_word' id='word_1_47' title='bbox 343 880 410 935; x_wconf 89' lang='lat' dir='ltr'><strong>satis</strong></span> <span class='ocrx_word' id='word_1_48' title='bbox 429 896 471 933; x_wconf 87' lang='lat' dir='ltr'><strong>me</strong></span> <span class='ocrx_word' id='word_1_49' title='bbox 491 879 642 936; x_wconf 78' lang='lat' dir='ltr'><strong>ostendisse</strong></span> <span class='ocrx_word' id='word_1_50' title='bbox 656 883 738 953; x_wconf 86' lang='lat' dir='ltr'><strong>atque</strong></span> <span class='ocrx_word' id='word_1_51' title='bbox 751 879 952 935; x_wconf 86' lang='lat' dir='ltr'><strong>demonstrasse</strong></span> <span class='ocrx_word' id='word_1_52' title='bbox 963 890 1041 933; x_wconf 74' lang='lat' dir='ltr'><strong>museo</strong></span> 
     </span>
     <span class='ocr_line' id='line_1_9' title="bbox 115 950 1044 1031; baseline -0.002 -19"><span class='ocrx_word' id='word_1_53' title='bbox 115 958 200 1012; x_wconf 89' lang='lat' dir='ltr'><strong>solam</strong></span> <span class='ocrx_word' id='word_1_54' title='bbox 219 958 299 1013; x_wconf 86' lang='lat' dir='ltr'><strong>fidem</strong></span> <span class='ocrx_word' id='word_1_55' title='bbox 317 977 408 1014; x_wconf 85' lang='lat' dir='ltr'><strong>reram</strong></span> <span class='ocrx_word' id='word_1_56' title='bbox 427 952 472 1014; x_wconf 78' lang='lat' dir='ltr'><strong>v&#39;el</strong></span> <span class='ocrx_word' id='word_1_57' title='bbox 491 958 622 1015; x_wconf 89' lang='lat' dir='ltr'><strong>rationem</strong></span> <span class='ocrx_word' id='word_1_58' title='bbox 643 975 715 1024; x_wconf 90' lang='lat' dir='ltr'><strong>esse,</strong></span> <span class='ocrx_word' id='word_1_59' title='bbox 736 959 850 1031; x_wconf 87' lang='lat' dir='ltr'><strong>quaesd</strong></span> <span class='ocrx_word' id='word_1_60' title='bbox 864 958 927 1014; x_wconf 90' lang='lat' dir='ltr'><strong>boui</strong></span> <span class='ocrx_word' id='word_1_61' title='bbox 942 950 1044 1029; x_wconf 67' lang='lat' dir='ltr'><strong>marique</strong></span> 
     </span>
     <span class='ocr_line' id='line_1_10' title="bbox 116 1038 1046 1111; baseline 0 -18"><span class='ocrx_word' id='word_1_62' title='bbox 116 1038 299 1110; x_wconf 81' lang='lat' dir='ltr'><strong>cognitionem</strong></span> <span class='ocrx_word' id='word_1_63' title='bbox 329 1057 379 1095; x_wconf 89' lang='lat' dir='ltr'><strong>nos</strong></span> <span class='ocrx_word' id='word_1_64' title='bbox 405 1038 556 1103; x_wconf 87' lang='lat' dir='ltr'><strong>conduost;</strong></span> <span class='ocrx_word' id='word_1_65' title='bbox 592 1044 635 1103; x_wconf 93' lang='lat' dir='ltr'><strong>et,</strong></span> <span class='ocrx_word' id='word_1_66' title='bbox 671 1041 712 1096; x_wconf 89' lang='lat' dir='ltr'><strong>uti</strong></span> <span class='ocrx_word' id='word_1_67' title='bbox 739 1040 916 1095; x_wconf 87' lang='lat' dir='ltr'><strong>ostendemus</strong></span> <span class='ocrx_word' id='word_1_68' title='bbox 947 1039 1046 1111; x_wconf 79' lang='lat' dir='ltr'><strong>prium</strong></span> 
     </span>
     <span class='ocr_line' id='line_1_11' title="bbox 115 1118 1044 1192; baseline 0.004 -19"><span class='ocrx_word' id='word_1_69' title='bbox 115 1118 340 1191; x_wconf 80' lang='lat' dir='ltr'><strong>praecipuamque</strong></span> <span class='ocrx_word' id='word_1_70' title='bbox 359 1119 454 1174; x_wconf 88' lang='lat' dir='ltr'><strong>harum</strong></span> <span class='ocrx_word' id='word_1_71' title='bbox 474 1119 630 1191; x_wconf 86' lang='lat' dir='ltr'><strong>passionum</strong></span> <span class='ocrx_word' id='word_1_72' title='bbox 648 1137 759 1176; x_wconf 86' lang='lat' dir='ltr'><strong>oausam</strong></span> <span class='ocrx_word' id='word_1_73' title='bbox 778 1119 962 1192; x_wconf 86' lang='lat' dir='ltr'><strong>cognitionem</strong></span> <span class='ocrx_word' id='word_1_74' title='bbox 978 1122 1044 1177; x_wconf 66' lang='lat' dir='ltr'><strong>esu:</strong></span> 
     </span>
     <span class='ocr_line' id='line_1_12' title="bbox 114 1192 1047 1273; baseline 0 -22"><span class='ocrx_word' id='word_1_75' title='bbox 114 1195 187 1252; x_wconf 88' lang='lat' dir='ltr'><strong>clare</strong></span> <span class='ocrx_word' id='word_1_76' title='bbox 215 1198 319 1268; x_wconf 90' lang='lat' dir='ltr'><strong>patebit</strong></span> <span class='ocrx_word' id='word_1_77' title='bbox 346 1216 396 1253; x_wconf 91' lang='lat' dir='ltr'><strong>nos</strong></span> <span class='ocrx_word' id='word_1_78' title='bbox 415 1198 559 1255; x_wconf 84' lang='lat' dir='ltr'><strong>intellecto</strong></span> <span class='ocrx_word' id='word_1_79' title='bbox 577 1201 735 1273; x_wconf 87' lang='lat' dir='ltr'><strong>rationeque</strong></span> <span class='ocrx_word' id='word_1_80' title='bbox 754 1205 827 1257; x_wconf 86' lang='lat' dir='ltr'><strong>recte</strong></span> <span class='ocrx_word' id='word_1_81' title='bbox 846 1216 926 1265; x_wconf 86' lang='lat' dir='ltr'><strong>usos,</strong></span> <span class='ocrx_word' id='word_1_82' title='bbox 954 1199 981 1253; x_wconf 92' lang='lat' dir='ltr'><strong>iu</strong></span> <span class='ocrx_word' id='word_1_83' title='bbox 995 1192 1047 1261; x_wconf 81' lang='lat' dir='ltr'><strong>nrl&#39;·¹</strong></span> 
     </span>
     <span class='ocr_line' id='line_1_13' title="bbox 114 1273 1042 1353; baseline 0.001 -22"><span class='ocrx_word' id='word_1_84' title='bbox 114 1277 168 1331; x_wconf 92' lang='lat' dir='ltr'><strong>lam</strong></span> <span class='ocrx_word' id='word_1_85' title='bbox 187 1277 282 1331; x_wconf 88' lang='lat' dir='ltr'><strong>harum</strong></span> <span class='ocrx_word' id='word_1_86' title='bbox 302 1280 474 1349; x_wconf 85' lang='lat' dir='ltr'><strong>passionum,</strong></span> <span class='ocrx_word' id='word_1_87' title='bbox 500 1296 570 1351; x_wconf 89' lang='lat' dir='ltr'><strong>quae</strong></span> <span class='ocrx_word' id='word_1_88' title='bbox 588 1284 725 1353; x_wconf 83' lang='lat' dir='ltr'><strong>tamquam</strong></span> <span class='ocrx_word' id='word_1_89' title='bbox 746 1279 846 1335; x_wconf 86' lang='lat' dir='ltr'><strong>malum</strong></span> <span class='ocrx_word' id='word_1_90' title='bbox 866 1295 882 1334; x_wconf 92' lang='lat' dir='ltr'><strong>a</strong></span> <span class='ocrx_word' id='word_1_91' title='bbox 900 1277 978 1334; x_wconf 83' lang='lat' dir='ltr'><strong>nobis</strong></span> <span class='ocrx_word' id='word_1_92' title='bbox 994 1273 1042 1345; x_wconf 65' lang='lat' dir='ltr'><strong>rsit*</strong></span> 
     </span>
     <span class='ocr_line' id='line_1_14' title="bbox 114 1356 1047 1431; baseline -0.004 -17"><span class='ocrx_word' id='word_1_93' title='bbox 114 1359 241 1422; x_wconf 86' lang='lat' dir='ltr'><strong>ciendae,</strong></span> <span class='ocrx_word' id='word_1_94' title='bbox 271 1359 391 1416; x_wconf 88' lang='lat' dir='ltr'><strong>incidere</strong></span> <span class='ocrx_word' id='word_1_95' title='bbox 419 1377 506 1431; x_wconf 88' lang='lat' dir='ltr'><strong>posse.</strong></span> <span class='ocrx_word' id='word_1_96' title='bbox 555 1361 713 1416; x_wconf 76' lang='lat' dir='ltr'><strong>Intellectum</strong></span> <span class='ocrx_word' id='word_1_97' title='bbox 740 1359 818 1424; x_wconf 89' lang='lat' dir='ltr'><strong>dico,</strong></span> <span class='ocrx_word' id='word_1_98' title='bbox 850 1359 916 1431; x_wconf 90' lang='lat' dir='ltr'><strong>quia</strong></span> <span class='ocrx_word' id='word_1_99' title='bbox 939 1356 1047 1412; x_wconf 69' lang='lat' dir='ltr'><strong>amrm-</strong></span> 
     </span>
     <span class='ocr_line' id='line_1_15' title="bbox 115 1434 1049 1511; baseline -0.004 -19"><span class='ocrx_word' id='word_1_100' title='bbox 115 1437 199 1493; x_wconf 86' lang='lat' dir='ltr'><strong>solam</strong></span> <span class='ocrx_word' id='word_1_101' title='bbox 224 1437 302 1494; x_wconf 88' lang='lat' dir='ltr'><strong>nullo</strong></span> <span class='ocrx_word' id='word_1_102' title='bbox 323 1440 402 1494; x_wconf 89' lang='lat' dir='ltr'><strong>modo</strong></span> <span class='ocrx_word' id='word_1_103' title='bbox 422 1457 479 1494; x_wconf 84' lang='lat' dir='ltr'><strong>eam</strong></span> <span class='ocrx_word' id='word_1_104' title='bbox 500 1439 600 1503; x_wconf 84' lang='lat' dir='ltr'><strong>habeo,</strong></span> <span class='ocrx_word' id='word_1_105' title='bbox 629 1456 698 1511; x_wconf 90' lang='lat' dir='ltr'><strong>quae</strong></span> <span class='ocrx_word' id='word_1_106' title='bbox 718 1439 815 1495; x_wconf 84' lang='lat' dir='ltr'><strong>hrcin</strong></span> <span class='ocrx_word' id='word_1_107' title='bbox 834 1434 1049 1492; x_wconf 78' lang='lat' dir='ltr'><strong>reatensibus</strong></span> 
     </span>
     <span class='ocr_line' id='line_1_16' title="bbox 114 1512 1087 1590; baseline -0.002 -18"><span class='ocrx_word' id='word_1_108' title='bbox 114 1518 175 1573; x_wconf 88' lang='lat' dir='ltr'><strong>istis</strong></span> <span class='ocrx_word' id='word_1_109' title='bbox 204 1517 318 1574; x_wconf 90' lang='lat' dir='ltr'><strong>liberare</strong></span> <span class='ocrx_word' id='word_1_110' title='bbox 346 1537 395 1575; x_wconf 93' lang='lat' dir='ltr'><strong>nos</strong></span> <span class='ocrx_word' id='word_1_111' title='bbox 424 1520 527 1590; x_wconf 87' lang='lat' dir='ltr'><strong>possit,</strong></span> <span class='ocrx_word' id='word_1_112' title='bbox 558 1520 599 1574; x_wconf 90' lang='lat' dir='ltr'><strong>uti</strong></span> <span class='ocrx_word' id='word_1_113' title='bbox 627 1536 677 1574; x_wconf 92' lang='lat' dir='ltr'><strong>suo</strong></span> <span class='ocrx_word' id='word_1_114' title='bbox 702 1518 762 1574; x_wconf 85' lang='lat' dir='ltr'><strong>ioco</strong></span> <span class='ocrx_word' id='word_1_115' title='bbox 780 1521 878 1590; x_wconf 85' lang='lat' dir='ltr'><strong>postea</strong></span> <span class='ocrx_word' id='word_1_116' title='bbox 893 1512 1052 1572; x_wconf 65' lang='lat' dir='ltr'><strong>demonstm³</strong></span> <span class='ocrx_word' id='word_1_117' title='bbox 1081 1518 1087 1583; x_wconf 69' lang='lat' dir='ltr'><strong>t</strong></span> 
     </span>
     <span class='ocr_line' id='line_1_17' title="bbox 113 1592 1087 1653; baseline 0.001 -1"><span class='ocrx_word' id='word_1_118' title='bbox 113 1597 211 1653; x_wconf 82' lang='lat' dir='ltr'><strong>bimus.</strong></span> <span class='ocrx_word' id='word_1_119' title='bbox 1083 1592 1087 1607; x_wconf 89' lang='lat'>&#39;</span> 
     </span>
    </p>
   </div>
   <div class='ocr_carea' id='block_1_5' title="bbox 112 1749 1087 2148">
    <p class='ocr_par' dir='ltr' id='par_1_5' title="bbox 112 1749 1087 2148">
     <span class='ocr_line' id='line_1_18' title="bbox 148 1749 1045 1830; baseline -0.006 -18"><span class='ocrx_word' id='word_1_120' title='bbox 148 1757 190 1812; x_wconf 88' lang='lat' dir='ltr'><strong>De</strong></span> <span class='ocrx_word' id='word_1_121' title='bbox 218 1756 390 1827; x_wconf 86' lang='lat' dir='ltr'><strong>passionibus</strong></span> <span class='ocrx_word' id='word_1_122' title='bbox 413 1775 477 1812; x_wconf 88' lang='lat' dir='ltr'><strong>vero</strong></span> <span class='ocrx_word' id='word_1_123' title='bbox 496 1762 634 1830; x_wconf 88' lang='lat' dir='ltr'><strong>tamquam</strong></span> <span class='ocrx_word' id='word_1_124' title='bbox 654 1760 795 1828; x_wconf 85' lang='lat' dir='ltr'><strong>praestans</strong></span> <span class='ocrx_word' id='word_1_125' title='bbox 813 1754 921 1828; x_wconf 85' lang='lat' dir='ltr'><strong>aliquid</strong></span> <span class='ocrx_word' id='word_1_126' title='bbox 940 1749 1045 1809; x_wconf 80' lang='lat' dir='ltr'><strong>animad-</strong></span> 
     </span>
     <span class='ocr_line' id='line_1_19' title="bbox 113 1832 1046 1910; baseline -0.009 -21"><span class='ocrx_word' id='word_1_127' title='bbox 113 1835 276 1890; x_wconf 87' lang='lat' dir='ltr'><strong>verteudum</strong></span> <span class='ocrx_word' id='word_1_128' title='bbox 295 1836 383 1892; x_wconf 89' lang='lat' dir='ltr'><strong>adhuc</strong></span> <span class='ocrx_word' id='word_1_129' title='bbox 402 1840 459 1902; x_wconf 89' lang='lat' dir='ltr'><strong>est,</strong></span> <span class='ocrx_word' id='word_1_130' title='bbox 489 1855 558 1910; x_wconf 89' lang='lat' dir='ltr'><strong>quae</strong></span> <span class='ocrx_word' id='word_1_131' title='bbox 577 1854 669 1893; x_wconf 86' lang='lat' dir='ltr'><strong>aarum</strong></span> <span class='ocrx_word' id='word_1_132' title='bbox 689 1838 773 1892; x_wconf 90' lang='lat' dir='ltr'><strong>bonae</strong></span> <span class='ocrx_word' id='word_1_133' title='bbox 791 1840 873 1900; x_wconf 88' lang='lat' dir='ltr'><strong>suut,</strong></span> <span class='ocrx_word' id='word_1_134' title='bbox 898 1832 962 1889; x_wconf 90' lang='lat' dir='ltr'><strong>illas</strong></span> <span class='ocrx_word' id='word_1_135' title='bbox 978 1832 1046 1888; x_wconf 87' lang='lat' dir='ltr'><strong>istius</strong></span> 
     </span>
     <span class='ocr_line' id='line_1_20' title="bbox 114 1915 1087 1987; baseline 0 -19"><span class='ocrx_word' id='word_1_136' title='bbox 114 1931 172 1969; x_wconf 82' lang='lat' dir='ltr'><strong>esse</strong></span> <span class='ocrx_word' id='word_1_137' title='bbox 191 1915 298 1986; x_wconf 86' lang='lat' dir='ltr'><strong>generis</strong></span> <span class='ocrx_word' id='word_1_138' title='bbox 317 1920 345 1969; x_wconf 90' lang='lat' dir='ltr'><strong>et</strong></span> <span class='ocrx_word' id='word_1_139' title='bbox 364 1919 493 1980; x_wconf 85' lang='lat' dir='ltr'><strong>naturae,</strong></span> <span class='ocrx_word' id='word_1_140' title='bbox 514 1923 546 1972; x_wconf 89' lang='lat' dir='ltr'><strong>ut</strong></span> <span class='ocrx_word' id='word_1_141' title='bbox 564 1917 622 1972; x_wconf 92' lang='lat' dir='ltr'><strong>sine</strong></span> <span class='ocrx_word' id='word_1_142' title='bbox 640 1915 697 1971; x_wconf 91' lang='lat' dir='ltr'><strong>illis</strong></span> <span class='ocrx_word' id='word_1_143' title='bbox 717 1931 776 1970; x_wconf 87' lang='lat' dir='ltr'><strong>esse</strong></span> <span class='ocrx_word' id='word_1_144' title='bbox 789 1919 817 1970; x_wconf 89' lang='lat' dir='ltr'><strong>et</strong></span> <span class='ocrx_word' id='word_1_145' title='bbox 829 1915 947 1971; x_wconf 89' lang='lat' dir='ltr'><strong>existere</strong></span> <span class='ocrx_word' id='word_1_146' title='bbox 960 1928 1044 1986; x_wconf 89' lang='lat' dir='ltr'><strong>neque·</strong></span> <span class='ocrx_word' id='word_1_147' title='bbox 1085 1982 1087 1987; x_wconf 26' lang='grc' dir='ltr'>Ι</span> 
     </span>
     <span class='ocr_line' id='line_1_21' title="bbox 112 1992 1046 2066; baseline -0.003 -18"><span class='ocrx_word' id='word_1_148' title='bbox 112 2010 206 2058; x_wconf 89' lang='lat' dir='ltr'><strong>amus,</strong></span> <span class='ocrx_word' id='word_1_149' title='bbox 235 1992 350 2065; x_wconf 89' lang='lat' dir='ltr'><strong>illasque</strong></span> <span class='ocrx_word' id='word_1_150' title='bbox 372 1994 457 2066; x_wconf 88' lang='lat' dir='ltr'><strong>igitur</strong></span> <span class='ocrx_word' id='word_1_151' title='bbox 475 1995 659 2051; x_wconf 87' lang='lat' dir='ltr'><strong>essentialiter</strong></span> <span class='ocrx_word' id='word_1_152' title='bbox 677 1995 710 2050; x_wconf 86' lang='lat' dir='ltr'><strong>ad</strong></span> <span class='ocrx_word' id='word_1_153' title='bbox 731 2013 780 2050; x_wconf 93' lang='lat' dir='ltr'><strong>uos</strong></span> <span class='ocrx_word' id='word_1_154' title='bbox 799 1995 951 2066; x_wconf 85' lang='lat' dir='ltr'><strong>pertinere,</strong></span> <span class='ocrx_word' id='word_1_155' title='bbox 972 1994 1011 2050; x_wconf 90' lang='lat' dir='ltr'><strong>uti</strong></span> <span class='ocrx_word' id='word_1_156' title='bbox 1025 2008 1046 2045; x_wconf 88' lang='lat' dir='ltr'><strong>a·</strong></span> 
     </span>
     <span class='ocr_line' id='line_1_22' title="bbox 114 2073 935 2148; baseline 0.002 -21"><span class='ocrx_word' id='word_1_157' title='bbox 114 2090 227 2137; x_wconf 89' lang='lat' dir='ltr'><strong>morem,</strong></span> <span class='ocrx_word' id='word_1_158' title='bbox 249 2073 427 2145; x_wconf 90' lang='lat' dir='ltr'><strong>cupiditatem</strong></span> <span class='ocrx_word' id='word_1_159' title='bbox 447 2078 474 2130; x_wconf 86' lang='lat' dir='ltr'><strong>et</strong></span> <span class='ocrx_word' id='word_1_160' title='bbox 492 2093 571 2130; x_wconf 86' lang='lat' dir='ltr'><strong>oroue</strong></span> <span class='ocrx_word' id='word_1_161' title='bbox 590 2076 662 2147; x_wconf 93' lang='lat' dir='ltr'><strong>quod</strong></span> <span class='ocrx_word' id='word_1_162' title='bbox 682 2076 767 2131; x_wconf 89' lang='lat' dir='ltr'><strong>amori</strong></span> <span class='ocrx_word' id='word_1_163' title='bbox 784 2076 935 2148; x_wconf 91' lang='lat' dir='ltr'><strong>proprium.</strong></span> 
     </span>
    </p>
   </div>
   <div class='ocr_carea' id='block_1_6' title="bbox 113 2231 1047 2544">
    <p class='ocr_par' dir='ltr' id='par_1_6' title="bbox 113 2231 1047 2544">
     <span class='ocr_line' id='line_1_23' title="bbox 148 2231 1046 2306; baseline -0.002 -19"><span class='ocrx_word' id='word_1_164' title='bbox 148 2233 204 2288; x_wconf 85' lang='lat' dir='ltr'><strong>Res</strong></span> <span class='ocrx_word' id='word_1_165' title='bbox 223 2235 313 2287; x_wconf 89' lang='lat' dir='ltr'><strong>autem</strong></span> <span class='ocrx_word' id='word_1_166' title='bbox 333 2232 444 2288; x_wconf 91' lang='lat' dir='ltr'><strong>omniuo</strong></span> <span class='ocrx_word' id='word_1_167' title='bbox 462 2233 517 2289; x_wconf 82' lang='lat' dir='ltr'><strong>olio</strong></span> <span class='ocrx_word' id='word_1_168' title='bbox 537 2234 615 2289; x_wconf 89' lang='lat' dir='ltr'><strong>modo</strong></span> <span class='ocrx_word' id='word_1_169' title='bbox 632 2253 660 2289; x_wconf 93' lang='lat' dir='ltr'><strong>se</strong></span> <span class='ocrx_word' id='word_1_170' title='bbox 674 2234 756 2289; x_wconf 87' lang='lat' dir='ltr'><strong>habet</strong></span> <span class='ocrx_word' id='word_1_171' title='bbox 768 2234 840 2306; x_wconf 89' lang='lat' dir='ltr'><strong>quod</strong></span> <span class='ocrx_word' id='word_1_172' title='bbox 851 2233 886 2290; x_wconf 88' lang='lat' dir='ltr'><strong>ad</strong></span> <span class='ocrx_word' id='word_1_173' title='bbox 900 2252 946 2290; x_wconf 89' lang='lat' dir='ltr'><strong>eas</strong></span> <span class='ocrx_word' id='word_1_174' title='bbox 959 2231 1046 2306; x_wconf 88' lang='lat' dir='ltr'><strong>passio·</strong></span> 
     </span>
     <span class='ocr_line' id='line_1_24' title="bbox 115 2310 1045 2385; baseline -0.003 -20"><span class='ocrx_word' id='word_1_175' title='bbox 115 2328 176 2374; x_wconf 86' lang='lat' dir='ltr'><strong>nes,</strong></span> <span class='ocrx_word' id='word_1_176' title='bbox 192 2328 261 2382; x_wconf 92' lang='lat' dir='ltr'><strong>quae</strong></span> <span class='ocrx_word' id='word_1_177' title='bbox 275 2310 361 2365; x_wconf 85' lang='lat' dir='ltr'><strong>malae</strong></span> <span class='ocrx_word' id='word_1_178' title='bbox 374 2312 505 2384; x_wconf 90' lang='lat' dir='ltr'><strong>uobisque</strong></span> <span class='ocrx_word' id='word_1_179' title='bbox 519 2313 682 2383; x_wconf 87' lang='lat' dir='ltr'><strong>rejiciendae</strong></span> <span class='ocrx_word' id='word_1_180' title='bbox 694 2319 775 2377; x_wconf 86' lang='lat' dir='ltr'><strong>suut,</strong></span> <span class='ocrx_word' id='word_1_181' title='bbox 790 2314 854 2385; x_wconf 87' lang='lat' dir='ltr'><strong>quia</strong></span> <span class='ocrx_word' id='word_1_182' title='bbox 868 2314 927 2369; x_wconf 88' lang='lat' dir='ltr'><strong>siue</strong></span> <span class='ocrx_word' id='word_1_183' title='bbox 940 2314 995 2369; x_wconf 86' lang='lat' dir='ltr'><strong>illis</strong></span> <span class='ocrx_word' id='word_1_184' title='bbox 1004 2325 1045 2367; x_wconf 92' lang='lat' dir='ltr'><strong>nou</strong></span> 
     </span>
     <span class='ocr_line' id='line_1_25' title="bbox 114 2388 1047 2462; baseline 0 -18"><span class='ocrx_word' id='word_1_185' title='bbox 114 2391 192 2445; x_wconf 89' lang='lat' dir='ltr'><strong>modo</strong></span> <span class='ocrx_word' id='word_1_186' title='bbox 212 2409 270 2446; x_wconf 87' lang='lat' dir='ltr'><strong>esso</strong></span> <span class='ocrx_word' id='word_1_187' title='bbox 289 2409 448 2462; x_wconf 86' lang='lat' dir='ltr'><strong>possumus,</strong></span> <span class='ocrx_word' id='word_1_188' title='bbox 478 2409 542 2448; x_wconf 87' lang='lat' dir='ltr'><strong>vero</strong></span> <span class='ocrx_word' id='word_1_189' title='bbox 561 2394 643 2448; x_wconf 87' lang='lat' dir='ltr'><strong>stiam</strong></span> <span class='ocrx_word' id='word_1_190' title='bbox 662 2400 720 2446; x_wconf 88' lang='lat' dir='ltr'><strong>tum</strong></span> <span class='ocrx_word' id='word_1_191' title='bbox 740 2394 849 2448; x_wconf 89' lang='lat' dir='ltr'><strong>demum</strong></span> <span class='ocrx_word' id='word_1_192' title='bbox 868 2410 931 2449; x_wconf 90' lang='lat' dir='ltr'><strong>oum</strong></span> <span class='ocrx_word' id='word_1_193' title='bbox 951 2388 1047 2448; x_wconf 80' lang='lat' dir='ltr'><strong>abillis</strong></span> 
     </span>
     <span class='ocr_line' id='line_1_26' title="bbox 113 2470 1003 2544; baseline 0.001 -20"><span class='ocrx_word' id='word_1_194' title='bbox 113 2488 162 2525; x_wconf 92' lang='lat' dir='ltr'><strong>uos</strong></span> <span class='ocrx_word' id='word_1_195' title='bbox 181 2470 372 2536; x_wconf 88' lang='lat' dir='ltr'><strong>liberavimus,</strong></span> <span class='ocrx_word' id='word_1_196' title='bbox 392 2489 455 2527; x_wconf 84' lang='lat' dir='ltr'><strong>rere</strong></span> <span class='ocrx_word' id='word_1_197' title='bbox 474 2471 543 2527; x_wconf 86' lang='lat' dir='ltr'><strong>tales</strong></span> <span class='ocrx_word' id='word_1_198' title='bbox 562 2490 656 2527; x_wconf 90' lang='lat' dir='ltr'><strong>sumus</strong></span> <span class='ocrx_word' id='word_1_199' title='bbox 673 2471 768 2544; x_wconf 86' lang='lat' dir='ltr'><strong>quales</strong></span> <span class='ocrx_word' id='word_1_200' title='bbox 787 2489 844 2527; x_wconf 87' lang='lat' dir='ltr'><strong>esse</strong></span> <span class='ocrx_word' id='word_1_201' title='bbox 864 2471 1003 2528; x_wconf 87' lang='lat' dir='ltr'><strong>debemus.</strong></span> 
     </span>
    </p>
   </div>
   <div class='ocr_carea' id='block_1_7' title="bbox 110 2628 1062 2942">
    <p class='ocr_par' dir='ltr' id='par_1_7' title="bbox 110 2628 1062 2942">
     <span class='ocr_line' id='line_1_27' title="bbox 147 2628 1044 2702; baseline 0 -20"><span class='ocrx_word' id='word_1_202' title='bbox 147 2628 188 2683; x_wconf 92' lang='lat' dir='ltr'><strong>Ut</strong></span> <span class='ocrx_word' id='word_1_203' title='bbox 206 2628 334 2698; x_wconf 87' lang='lat' dir='ltr'><strong>majorem</strong></span> <span class='ocrx_word' id='word_1_204' title='bbox 347 2633 439 2685; x_wconf 88' lang='lat' dir='ltr'><strong>autem</strong></span> <span class='ocrx_word' id='word_1_205' title='bbox 452 2631 481 2685; x_wconf 90' lang='lat' dir='ltr'><strong>iu</strong></span> <span class='ocrx_word' id='word_1_206' title='bbox 494 2631 537 2686; x_wconf 91' lang='lat' dir='ltr'><strong>his</strong></span> <span class='ocrx_word' id='word_1_207' title='bbox 550 2632 675 2687; x_wconf 89' lang='lat' dir='ltr'><strong>omnibus</strong></span> <span class='ocrx_word' id='word_1_208' title='bbox 688 2631 853 2687; x_wconf 89' lang='lat' dir='ltr'><strong>evidentiam</strong></span> <span class='ocrx_word' id='word_1_209' title='bbox 867 2629 1044 2702; x_wconf 85' lang='lat' dir='ltr'><strong>praebeamus.</strong></span> 
     </span>
     <span class='ocr_line' id='line_1_28' title="bbox 111 2707 1060 2783; baseline -0.001 -21"><span class='ocrx_word' id='word_1_210' title='bbox 111 2707 382 2764; x_wconf 84' lang='lat' dir='ltr'><strong>animadvertendum</strong></span> <span class='ocrx_word' id='word_1_211' title='bbox 401 2727 481 2782; x_wconf 88' lang='lat' dir='ltr'><strong>porro</strong></span> <span class='ocrx_word' id='word_1_212' title='bbox 501 2716 556 2774; x_wconf 91' lang='lat' dir='ltr'><strong>est,</strong></span> <span class='ocrx_word' id='word_1_213' title='bbox 578 2712 666 2767; x_wconf 91' lang='lat' dir='ltr'><strong>omnis</strong></span> <span class='ocrx_word' id='word_1_214' title='bbox 686 2712 749 2767; x_wconf 90' lang='lat' dir='ltr'><strong>boui</strong></span> <span class='ocrx_word' id='word_1_215' title='bbox 769 2711 886 2783; x_wconf 86' lang='lat' dir='ltr'><strong>malique</strong></span> <span class='ocrx_word' id='word_1_216' title='bbox 900 2710 1060 2765; x_wconf 78' lang='lat' dir='ltr'><strong>fundamen-⁴</strong></span> 
     </span>
     <span class='ocr_line' id='line_1_29' title="bbox 111 2787 1062 2861; baseline -0.001 -20"><span class='ocrx_word' id='word_1_217' title='bbox 111 2791 170 2841; x_wconf 91' lang='lat' dir='ltr'><strong>tum</strong></span> <span class='ocrx_word' id='word_1_218' title='bbox 198 2805 316 2842; x_wconf 87' lang='lat' dir='ltr'><strong>amorem</strong></span> <span class='ocrx_word' id='word_1_219' title='bbox 338 2806 414 2852; x_wconf 88' lang='lat' dir='ltr'><strong>esse;</strong></span> <span class='ocrx_word' id='word_1_220' title='bbox 444 2789 490 2846; x_wconf 91' lang='lat' dir='ltr'><strong>ubi</strong></span> <span class='ocrx_word' id='word_1_221' title='bbox 509 2791 580 2846; x_wconf 91' lang='lat' dir='ltr'><strong>enim</strong></span> <span class='ocrx_word' id='word_1_222' title='bbox 600 2791 736 2861; x_wconf 87' lang='lat' dir='ltr'><strong>objectum</strong></span> <span class='ocrx_word' id='word_1_223' title='bbox 756 2809 811 2845; x_wconf 89' lang='lat' dir='ltr'><strong>nou</strong></span> <span class='ocrx_word' id='word_1_224' title='bbox 829 2806 953 2845; x_wconf 87' lang='lat' dir='ltr'><strong>amamus</strong></span> <span class='ocrx_word' id='word_1_225' title='bbox 971 2787 1062 2844; x_wconf 75' lang='lat' dir='ltr'><strong>solun&#39;·</strong></span> 
     </span>
     <span class='ocr_line' id='line_1_30' title="bbox 110 2867 1058 2942; baseline -0.001 -20"><span class='ocrx_word' id='word_1_226' title='bbox 110 2883 201 2922; x_wconf 90' lang='lat' dir='ltr'><strong>amore</strong></span> <span class='ocrx_word' id='word_1_227' title='bbox 229 2867 359 2940; x_wconf 85' lang='lat' dir='ltr'><strong>dignum,</strong></span> <span class='ocrx_word' id='word_1_228' title='bbox 390 2887 486 2941; x_wconf 86' lang='lat' dir='ltr'><strong>nempe</strong></span> <span class='ocrx_word' id='word_1_229' title='bbox 511 2869 616 2937; x_wconf 88' lang='lat' dir='ltr'><strong>Deum,</strong></span> <span class='ocrx_word' id='word_1_230' title='bbox 645 2871 693 2926; x_wconf 89' lang='lat' dir='ltr'><strong>sed</strong></span> <span class='ocrx_word' id='word_1_231' title='bbox 720 2888 763 2926; x_wconf 85' lang='lat' dir='ltr'><strong>res</strong></span> <span class='ocrx_word' id='word_1_232' title='bbox 790 2887 860 2942; x_wconf 89' lang='lat' dir='ltr'><strong>quae</strong></span> <span class='ocrx_word' id='word_1_233' title='bbox 887 2876 985 2925; x_wconf 85' lang='lat' dir='ltr'><strong>ustura</strong></span> <span class='ocrx_word' id='word_1_234' title='bbox 1007 2876 1058 2922; x_wconf 64' lang='lat' dir='ltr'><strong>aas*</strong></span> 
     </span>
    </p>
   </div>
   <div class='ocr_carea' id='block_1_8' title="bbox 0 0 1182 3412">
    <p class='ocr_par' dir='ltr' id='par_1_8' title="bbox 0 0 1182 3412">
     <span class='ocr_line' id='line_1_31' title="bbox 0 0 1182 3412; baseline 0 0"><span class='ocrx_word' id='word_1_235' title='bbox 0 0 1182 3412; x_wconf 95' lang='lat' dir='ltr'><strong> </strong></span> 
     </span>
    </p>
   </div>
  </div>
 </body>
</html>
