2354 3412
555 123 613 181 124

146 282 304 340 'Pranaimua
316 283 374 354 jam
385 282 420 337 ad
432 282 624 355 inquirendum
638 313 672 327 -
686 283 727 340 uti
739 285 822 339 antea
834 281 993 354 promiaimm

110 380 245 437 quaenam
263 363 403 435 paaaionea
420 362 562 434 eligendae
579 379 713 436 quaenam
732 379 797 418 vero
813 362 993 434 rejiciendam

426 815 551 874 oAPU'u
569 815 734 874 SEXTUM.

513 1007 552 1046 DE
576 1005 654 1049 omo.

147 1182 248 1239 Odium
275 1179 420 1254 propensio
450 1183 493 1236 aet
520 1180 555 1236 ad
582 1179 768 1252 repellendum
796 1181 867 1238 iilud
885 1183 993 1256 quodn

112 1263 241 1319 damnum
259 1261 396 1334 quoddam
414 1259 458 1315 val
476 1259 699 1333 impedimentum
719 1262 853 1317 pausavit.

147 1345 212 1401 Jam
236 1339 527 1404 animadvertendum,
558 1339 692 1412 quomodo
716 1341 839 1397 aotionoa
864 1344 973 1398 nostras

113 1419 284 1494 passionibus
314 1420 359 1476 vel
378 1419 437 1477 aine
458 1419 525 1492 ipeia
543 1419 685 1475 iaciamus.
727 1419 788 1476 Oam
800 1421 982 1493 passionibus,

113 1501 272 1572 plerumque
299 1499 409 1556 videtur
436 1499 466 1556 in
492 1498 610 1555 dominis
637 1514 733 1555 verane
761 1501 878 1556 famulos
906 1518 993 1557 eorum

112 1579 206 1652 aliqua
229 1597 260 1635 re
287 1579 493 1652 delinquentes,
524 1576 650 1650 quodque
678 1579 837 1652 plerumque
864 1596 920 1636 non
938 1580 993 1636 aine

113 1660 244 1734 propedit.
279 1659 345 1716 Sina
372 1656 559 1731 passionibus,
589 1657 631 1713 uti
655 1658 689 1713 de
709 1658 820 1715 Somete
837 1662 981 1725 narratur,

111 1741 244 1797 famulum
262 1741 296 1796 ad
316 1739 375 1811 ojus
396 1738 591 1796 eorreptionem
613 1737 747 1810 castigare
769 1742 898 1803 coaetus,
928 1736 982 1795 hoo

113 1819 247 1883 faciebat,
276 1819 406 1892 quamdiu
434 1837 463 1875 aa
490 1819 519 1875 in
547 1814 677 1873 famulum
706 1818 790 1874 istum
809 1819 900 1874 animo
918 1818 993 1875 insen

111 1903 298 1972 eoguoaoeret.

147 2058 229 2114 Unde
248 2056 385 2129 sequitur,
406 2056 472 2128 quia
489 2054 611 2112 aetianos
629 2061 738 2112 nostrae
751 2075 813 2114 eum
825 2056 993 2130 passionibuu

113 2139 171 2194 aina
190 2139 225 2194 iia
243 2138 329 2200 flunt,
353 2135 423 2192 talea
441 2153 500 2197 res,
520 2149 590 2206 quae
608 2154 658 2192 noe
676 2137 830 2208 impediunt
846 2137 891 2192 vel
909 2137 993 2209 impe<ยน

113 2237 156 2284 re,
177 2219 237 2274 eina
255 2217 435 2274 commotione
453 2221 562 2283 nostra,
589 2216 635 2273 ubi
654 2232 762 2272 neeesse
780 2219 837 2280 aet,
858 2217 979 2274 amoveri

113 2317 149 2357 aa.
186 2298 263 2359 Quid
291 2313 355 2353 varo
383 2294 500 2351 melius?
540 2297 594 2353 Vel
621 2312 672 2350 nos
697 2294 761 2350 odio
788 2299 815 2349 et
845 2296 988 2352 aversione

112 2377 218 2435 vitared
255 2375 310 2432 Vel
333 2393 383 2431 'eae
411 2375 525 2433 nationis
547 2377 666 2441 virtute,
695 2376 754 2430 sine
772 2375 855 2430 animi
875 2379 993 2432 eommot

112 2458 177 2527 (hoo
206 2455 278 2511 enim
302 2455 361 2510 fleri
388 2471 467 2526 ponae
486 2457 627 2527 putamus)
646 2453 756 2510 subire?
793 2453 905 2509 Centum
924 2455 993 2511 enim

113 2536 219 2592 nullum
237 2534 302 2592 inde
320 2535 420 2590 maium
440 2534 505 2591 oriri
524 2552 618 2608 ponae,
639 2534 710 2607 quod
723 2551 781 2599 res,
801 2551 871 2606 quae
884 2535 993 2592 nobiae

113 2616 164 2672 dae
183 2619 262 2679 sunt,
283 2615 342 2670 aine
360 2614 402 2669 ira
420 2618 448 2670 et
467 2614 559 2671 studio
577 2632 699 2686 agamus.
735 2614 771 2670 ut
789 2613 854 2687 quia
871 2613 944 2670 inter
959 2617 992 2671 bo

112 2699 141 2752 et
168 2694 268 2750 maium
289 2694 407 2749 medium
426 2711 481 2750 non
500 2695 591 2759 adest,
621 2694 759 2758 videmus,
787 2693 873 2766 quod,
895 2695 936 2749 uti
957 2711 993 2751 mu

110 2778 153 2831 eat
179 2790 242 2829 oum
268 2773 392 2845 passione
419 2774 536 2846 quadam
555 2790 651 2845 agere,
683 2772 782 2830 bonum
801 2790 859 2828 asae
878 2772 978 2829 debeat

98 2854 267 2926 inungere.
