<?xml version="1.0" encoding="UTF-8"?>
<!DOCTYPE html PUBLIC "-//W3C//DTD XHTML 1.0 Transitional//EN"
    "http://www.w3.org/TR/xhtml1/DTD/xhtml1-transitional.dtd">
<html xmlns="http://www.w3.org/1999/xhtml" xml:lang="en" lang="en">
 <head>
  <title>
</title>
<meta http-equiv="Content-Type" content="text/html;charset=utf-8" />
  <meta name='ocr-system' content='tesseract 3.04.00' />
  <meta name='ocr-capabilities' content='ocr_page ocr_carea ocr_par ocr_line ocrx_word'/>
</head>
<body>
  <div class='ocr_page' id='page_1' title='image "adbenedictidesp00spingoog_0022.png"; bbox 0 0 2354 3412; ppageno 0'>
   <div class='ocr_carea' id='block_1_1' title="bbox 634 141 651 195">
    <p class='ocr_par' dir='ltr' id='par_1_1' title="bbox 634 141 651 195">
     <span class='ocr_line' id='line_1_1' title="bbox 634 141 651 195; baseline 0 0"><span class='ocrx_word' id='word_1_1' title='bbox 634 141 651 195; x_wconf 81' lang='lat'><strong>6</strong></span> 
     </span>
    </p>
   </div>
   <div class='ocr_carea' id='block_1_2' title="bbox 170 298 1115 528">
    <p class='ocr_par' dir='ltr' id='par_1_2' title="bbox 170 298 1115 528">
     <span class='ocr_line' id='line_1_2' title="bbox 274 298 974 368; baseline -0.006 -14"><span class='ocrx_word' id='word_1_2' title='bbox 274 298 314 355; x_wconf 90' lang='lat' dir='ltr'><strong>H.</strong></span> <span class='ocrx_word' id='word_1_3' title='bbox 350 299 544 368; x_wconf 78' lang='lat' dir='ltr'><strong>Aposteriorr&#39;:</strong></span> <span class='ocrx_word' id='word_1_4' title='bbox 972 336 974 340; x_wconf 15' lang='grc' dir='ltr'><em>Α</em></span> 
     </span>
     <span class='ocr_line' id='line_1_3' title="bbox 205 375 1115 447; baseline -0.003 -12"><span class='ocrx_word' id='word_1_5' title='bbox 205 378 235 435; x_wconf 85' lang='lat' dir='ltr'><strong>Si</strong></span> <span class='ocrx_word' id='word_1_6' title='bbox 255 377 335 433; x_wconf 90' lang='lat' dir='ltr'><strong>homo</strong></span> <span class='ocrx_word' id='word_1_7' title='bbox 354 377 407 432; x_wconf 88' lang='lat' dir='ltr'><strong>Dei</strong></span> <span class='ocrx_word' id='word_1_8' title='bbox 426 377 515 432; x_wconf 87' lang='lat' dir='ltr'><strong>ideam</strong></span> <span class='ocrx_word' id='word_1_9' title='bbox 534 375 633 444; x_wconf 88' lang='lat' dir='ltr'><strong>hahet,</strong></span> <span class='ocrx_word' id='word_1_10' title='bbox 652 377 728 432; x_wconf 91' lang='lat' dir='ltr'><strong>Deus</strong></span> <span class='ocrx_word' id='word_1_11' title='bbox 744 380 764 447; x_wconf 80' lang='lat'><strong>¹)</strong></span> <span class='ocrx_word' id='word_1_12' title='bbox 782 377 934 433; x_wconf 78' lang='lat' dir='ltr'><strong>formaliter</strong></span> <span class='ocrx_word' id='word_1_13' title='bbox 951 395 1009 434; x_wconf 89' lang='lat' dir='ltr'><strong>essa</strong></span> <span class='ocrx_word' id='word_1_14' title='bbox 1023 378 1115 434; x_wconf 89' lang='lat' dir='ltr'><strong>debet.</strong></span> 
     </span>
     <span class='ocr_line' id='line_1_4' title="bbox 170 456 820 528; baseline -0.006 -12"><span class='ocrx_word' id='word_1_15' title='bbox 170 459 260 518; x_wconf 86' lang='lat' dir='ltr'><strong>Homo</strong></span> <span class='ocrx_word' id='word_1_16' title='bbox 279 461 370 513; x_wconf 87' lang='lat' dir='ltr'><strong>autem</strong></span> <span class='ocrx_word' id='word_1_17' title='bbox 390 457 472 512; x_wconf 86' lang='lat' dir='ltr'><strong>habet</strong></span> <span class='ocrx_word' id='word_1_18' title='bbox 489 456 542 513; x_wconf 91' lang='lat' dir='ltr'><strong>Dei</strong></span> <span class='ocrx_word' id='word_1_19' title='bbox 561 457 658 513; x_wconf 86' lang='lat' dir='ltr'><strong>ideam.</strong></span> <span class='ocrx_word' id='word_1_20' title='bbox 697 458 767 528; x_wconf 73' lang='lat' dir='ltr'><strong>Erpa</strong></span> <span class='ocrx_word' id='word_1_21' title='bbox 784 488 820 499; x_wconf 89' lang='lat'>-</span> 
     </span>
    </p>
   </div>
   <div class='ocr_carea' id='block_1_3' title="bbox 134 696 1117 1005">
    <p class='ocr_par' dir='ltr' id='par_1_3' title="bbox 134 696 1117 1005">
     <span class='ocr_line' id='line_1_5' title="bbox 204 696 1115 764; baseline 0.001 -11"><span class='ocrx_word' id='word_1_22' title='bbox 204 698 319 754; x_wconf 77' lang='lat' dir='ltr'><strong>Primam</strong></span> <span class='ocrx_word' id='word_1_23' title='bbox 345 696 396 751; x_wconf 90' lang='lat' dir='ltr'><strong>hec</strong></span> <span class='ocrx_word' id='word_1_24' title='bbox 414 697 520 751; x_wconf 89' lang='lat' dir='ltr'><strong>ratione</strong></span> <span class='ocrx_word' id='word_1_25' title='bbox 539 696 770 754; x_wconf 78' lang='lat' dir='ltr'><strong>demonstramus:</strong></span> <span class='ocrx_word' id='word_1_26' title='bbox 804 698 833 756; x_wconf 93' lang='lat' dir='ltr'><strong>Si</strong></span> <span class='ocrx_word' id='word_1_27' title='bbox 852 698 905 754; x_wconf 89' lang='lat' dir='ltr'><strong>Dei</strong></span> <span class='ocrx_word' id='word_1_28' title='bbox 922 697 984 752; x_wconf 92' lang='lat' dir='ltr'><strong>idea</strong></span> <span class='ocrx_word' id='word_1_29' title='bbox 1003 699 1115 764; x_wconf 78' lang='lat' dir='ltr'><strong>existit,</strong></span> 
     </span>
     <span class='ocr_line' id='line_1_6' title="bbox 170 775 1117 850; baseline 0.003 -18"><span class='ocrx_word' id='word_1_30' title='bbox 170 777 230 849; x_wconf 87' lang='lat' dir='ltr'><strong>ejus</strong></span> <span class='ocrx_word' id='word_1_31' title='bbox 248 793 331 831; x_wconf 89' lang='lat' dir='ltr'><strong>causa</strong></span> <span class='ocrx_word' id='word_1_32' title='bbox 349 775 501 832; x_wconf 77' lang='lat' dir='ltr'><strong>formaliter</strong></span> <span class='ocrx_word' id='word_1_33' title='bbox 519 794 577 832; x_wconf 89' lang='lat' dir='ltr'><strong>esse</strong></span> <span class='ocrx_word' id='word_1_34' title='bbox 596 776 693 843; x_wconf 86' lang='lat' dir='ltr'><strong>debet,</strong></span> <span class='ocrx_word' id='word_1_35' title='bbox 713 778 789 834; x_wconf 88' lang='lat' dir='ltr'><strong>etin</strong></span> <span class='ocrx_word' id='word_1_36' title='bbox 808 797 837 834; x_wconf 88' lang='lat' dir='ltr'><strong>aa</strong></span> <span class='ocrx_word' id='word_1_37' title='bbox 856 779 996 834; x_wconf 87' lang='lat' dir='ltr'><strong>contineat</strong></span> <span class='ocrx_word' id='word_1_38' title='bbox 1008 783 1117 850; x_wconf 88' lang='lat' dir='ltr'><strong>oportet</strong></span> 
     </span>
     <span class='ocr_line' id='line_1_7' title="bbox 134 855 1116 1005; baseline 0.002 -93"><span class='ocrx_word' id='word_1_39' title='bbox 134 930 138 940; x_wconf 33' lang='grc' dir='ltr'><strong><em>Ι</em></strong></span> <span class='ocrx_word' id='word_1_40' title='bbox 168 874 249 992; x_wconf 65' lang='lat' dir='ltr'><strong>pipino</strong></span> <span class='ocrx_word' id='word_1_41' title='bbox 248 855 374 1005; x_wconf 55' lang='lat' dir='ltr'><strong>quuood-</strong></span> <span class='ocrx_word' id='word_1_42' title='bbox 377 855 439 910; x_wconf 86' lang='lat' dir='ltr'><strong>idea</strong></span> <span class='ocrx_word' id='word_1_43' title='bbox 466 855 516 911; x_wconf 89' lang='lat' dir='ltr'><strong>illa</strong></span> <span class='ocrx_word' id='word_1_44' title='bbox 543 857 678 928; x_wconf 83' lang='lat' dir='ltr'><strong>objective</strong></span> <span class='ocrx_word' id='word_1_45' title='bbox 697 858 787 915; x_wconf 90' lang='lat' dir='ltr'><strong>habet.</strong></span> <span class='ocrx_word' id='word_1_46' title='bbox 821 858 874 913; x_wconf 85' lang='lat' dir='ltr'><strong>Sed</strong></span> <span class='ocrx_word' id='word_1_47' title='bbox 894 858 946 914; x_wconf 89' lang='lat' dir='ltr'><strong>Dei</strong></span> <span class='ocrx_word' id='word_1_48' title='bbox 964 859 1027 913; x_wconf 86' lang='lat' dir='ltr'><strong>idea</strong></span> <span class='ocrx_word' id='word_1_49' title='bbox 1045 860 1116 914; x_wconf 85' lang='lat' dir='ltr'><strong>exis-</strong></span> 
     </span>
    </p>
   </div>
   <div class='ocr_carea' id='block_1_4' title="bbox 169 1171 1118 1485">
    <p class='ocr_par' dir='ltr' id='par_1_4' title="bbox 169 1171 1117 1325">
     <span class='ocr_line' id='line_1_8' title="bbox 204 1171 1117 1246; baseline 0 -17"><span class='ocrx_word' id='word_1_50' title='bbox 204 1173 250 1229; x_wconf 90' lang='lat' dir='ltr'><strong>Ad</strong></span> <span class='ocrx_word' id='word_1_51' title='bbox 278 1172 413 1243; x_wconf 86' lang='lat' dir='ltr'><strong>Majorem</strong></span> <span class='ocrx_word' id='word_1_52' title='bbox 440 1171 522 1243; x_wconf 90' lang='lat' dir='ltr'><strong>hujus</strong></span> <span class='ocrx_word' id='word_1_53' title='bbox 549 1173 680 1245; x_wconf 80' lang='lat' dir='ltr'><strong>postremi</strong></span> <span class='ocrx_word' id='word_1_54' title='bbox 707 1173 859 1246; x_wconf 77' lang='lat' dir='ltr'><strong>syllogismi</strong></span> <span class='ocrx_word' id='word_1_55' title='bbox 878 1174 1117 1229; x_wconf 87' lang='lat' dir='ltr'><strong>demonstrandam</strong></span> 
     </span>
     <span class='ocr_line' id='line_1_9' title="bbox 169 1251 602 1325; baseline -0.007 -15"><span class='ocrx_word' id='word_1_56' title='bbox 169 1256 314 1325; x_wconf 87' lang='lat' dir='ltr'><strong>sequentes</strong></span> <span class='ocrx_word' id='word_1_57' title='bbox 333 1251 459 1322; x_wconf 89' lang='lat' dir='ltr'><strong>ponimus</strong></span> <span class='ocrx_word' id='word_1_58' title='bbox 479 1251 602 1323; x_wconf 84' lang='lat' dir='ltr'><strong>regulas:</strong></span> 
     </span>
    </p>

    <p class='ocr_par' dir='ltr' id='par_1_5' title="bbox 205 1330 769 1402">
     <span class='ocr_line' id='line_1_10' title="bbox 205 1330 769 1402; baseline -0.007 -14"><span class='ocrx_word' id='word_1_59' title='bbox 205 1334 232 1388; x_wconf 88' lang='lat' dir='ltr'><strong>l.</strong></span> <span class='ocrx_word' id='word_1_60' title='bbox 271 1333 328 1387; x_wconf 84' lang='lat' dir='ltr'><strong>Res</strong></span> <span class='ocrx_word' id='word_1_61' title='bbox 347 1330 545 1402; x_wconf 77' lang='lat' dir='ltr'><strong>cognoscibiles</strong></span> <span class='ocrx_word' id='word_1_62' title='bbox 564 1335 622 1387; x_wconf 89' lang='lat' dir='ltr'><strong>este</strong></span> <span class='ocrx_word' id='word_1_63' title='bbox 639 1332 769 1388; x_wconf 80' lang='lat' dir='ltr'><strong>infinitas.</strong></span> 
     </span>
    </p>

    <p class='ocr_par' dir='ltr' id='par_1_6' title="bbox 205 1411 1118 1485">
     <span class='ocr_line' id='line_1_11' title="bbox 205 1411 1118 1485; baseline 0.002 -16"><span class='ocrx_word' id='word_1_64' title='bbox 205 1415 230 1470; x_wconf 77' lang='lat'><strong>2.</strong></span> <span class='ocrx_word' id='word_1_65' title='bbox 266 1411 444 1469; x_wconf 81' lang='lat' dir='ltr'><strong>Intellectum</strong></span> <span class='ocrx_word' id='word_1_66' title='bbox 454 1413 562 1467; x_wconf 90' lang='lat' dir='ltr'><strong>linitum</strong></span> <span class='ocrx_word' id='word_1_67' title='bbox 575 1412 713 1468; x_wconf 84' lang='lat' dir='ltr'><strong>infinitum</strong></span> <span class='ocrx_word' id='word_1_68' title='bbox 726 1411 953 1485; x_wconf 90' lang='lat' dir='ltr'><strong>comprehendere</strong></span> <span class='ocrx_word' id='word_1_69' title='bbox 966 1430 1020 1468; x_wconf 95' lang='lat' dir='ltr'><strong>non</strong></span> <span class='ocrx_word' id='word_1_70' title='bbox 1030 1430 1118 1484; x_wconf 89' lang='lat' dir='ltr'><strong>posse.</strong></span> 
     </span>
    </p>
   </div>
   <div class='ocr_carea' id='block_1_5' title="bbox 170 1570 1154 1804">
    <p class='ocr_par' dir='ltr' id='par_1_7' title="bbox 170 1570 1154 1804">
     <span class='ocr_line' id='line_1_12' title="bbox 205 1570 1116 1645; baseline 0.002 -18"><span class='ocrx_word' id='word_1_71' title='bbox 205 1574 232 1627; x_wconf 86' lang='grc'><strong>3.</strong></span> <span class='ocrx_word' id='word_1_72' title='bbox 270 1570 447 1628; x_wconf 87' lang='lat' dir='ltr'><strong>Intellectum</strong></span> <span class='ocrx_word' id='word_1_73' title='bbox 475 1572 583 1627; x_wconf 86' lang='lat' dir='ltr'><strong>finitum</strong></span> <span class='ocrx_word' id='word_1_74' title='bbox 602 1590 619 1627; x_wconf 89' lang='lat' dir='ltr'><strong>a</strong></span> <span class='ocrx_word' id='word_1_75' title='bbox 637 1589 665 1627; x_wconf 87' lang='lat' dir='ltr'><strong>se</strong></span> <span class='ocrx_word' id='word_1_76' title='bbox 684 1573 758 1643; x_wconf 89' lang='lat' dir='ltr'><strong>ipso,</strong></span> <span class='ocrx_word' id='word_1_77' title='bbox 785 1573 838 1628; x_wconf 92' lang='lat' dir='ltr'><strong>nisi</strong></span> <span class='ocrx_word' id='word_1_78' title='bbox 857 1573 892 1628; x_wconf 88' lang='lat' dir='ltr'><strong>ab</strong></span> <span class='ocrx_word' id='word_1_79' title='bbox 911 1573 1002 1645; x_wconf 84' lang='lat' dir='ltr'><strong>alique</strong></span> <span class='ocrx_word' id='word_1_80' title='bbox 1021 1592 1050 1629; x_wconf 89' lang='lat' dir='ltr'><strong>re</strong></span> <span class='ocrx_word' id='word_1_81' title='bbox 1069 1592 1116 1630; x_wconf 83' lang='lat' dir='ltr'><strong>ex-</strong></span> 
     </span>
     <span class='ocr_line' id='line_1_13' title="bbox 170 1648 1154 1725; baseline 0.001 -16"><span class='ocrx_word' id='word_1_82' title='bbox 170 1655 249 1710; x_wconf 88' lang='lat' dir='ltr'><strong>terna</strong></span> <span class='ocrx_word' id='word_1_83' title='bbox 275 1651 488 1715; x_wconf 80' lang='lat' dir='ltr'><strong>determinetur,</strong></span> <span class='ocrx_word' id='word_1_84' title='bbox 518 1651 558 1706; x_wconf 89' lang='lat' dir='ltr'><strong>nil</strong></span> <span class='ocrx_word' id='word_1_85' title='bbox 585 1669 663 1723; x_wconf 91' lang='lat' dir='ltr'><strong>posse</strong></span> <span class='ocrx_word' id='word_1_86' title='bbox 690 1652 860 1724; x_wconf 81' lang='lat' dir='ltr'><strong>intelligere;</strong></span> <span class='ocrx_word' id='word_1_87' title='bbox 890 1654 970 1725; x_wconf 89' lang='lat' dir='ltr'><strong>quia,</strong></span> <span class='ocrx_word' id='word_1_88' title='bbox 1000 1654 1117 1710; x_wconf 86' lang='lat' dir='ltr'><strong>utinen</strong></span> <span class='ocrx_word' id='word_1_89' title='bbox 1150 1648 1154 1655; x_wconf 78' lang='grc'><strong>’</strong></span> 
     </span>
     <span class='ocr_line' id='line_1_14' title="bbox 170 1731 1117 1804; baseline 0.001 -16"><span class='ocrx_word' id='word_1_90' title='bbox 170 1731 269 1788; x_wconf 80' lang='lat' dir='ltr'><strong>lrabeat</strong></span> <span class='ocrx_word' id='word_1_91' title='bbox 296 1731 446 1802; x_wconf 87' lang='lat' dir='ltr'><strong>potentiam</strong></span> <span class='ocrx_word' id='word_1_92' title='bbox 470 1732 562 1787; x_wconf 90' lang='lat' dir='ltr'><strong>omnia</strong></span> <span class='ocrx_word' id='word_1_93' title='bbox 585 1732 667 1786; x_wconf 87' lang='lat' dir='ltr'><strong>simul</strong></span> <span class='ocrx_word' id='word_1_94' title='bbox 685 1732 873 1804; x_wconf 85' lang='lat' dir='ltr'><strong>intelligendi,</strong></span> <span class='ocrx_word' id='word_1_95' title='bbox 894 1733 934 1789; x_wconf 80' lang='lat' dir='ltr'><strong>&#39;sic</strong></span> <span class='ocrx_word' id='word_1_96' title='bbox 954 1751 1003 1789; x_wconf 95' lang='lat' dir='ltr'><strong>nec</strong></span> <span class='ocrx_word' id='word_1_97' title='bbox 1021 1738 1117 1804; x_wconf 89' lang='lat' dir='ltr'><strong>poten·</strong></span> 
     </span>
    </p>
   </div>
   <div class='ocr_carea' id='block_1_6' title="bbox 169 1951 1119 2085">
    <p class='ocr_par' dir='ltr' id='par_1_8' title="bbox 169 1951 1119 2085">
     <span class='ocr_line' id='line_1_15' title="bbox 199 1951 1119 2014; baseline -0.001 -13"><span class='ocrx_word' id='word_1_98' title='bbox 199 1955 224 2013; x_wconf 86' lang='lat'><strong>1)</strong></span> <span class='ocrx_word' id='word_1_99' title='bbox 247 1952 281 2001; x_wconf 71' lang='lat' dir='ltr'><strong>lis</strong></span> <span class='ocrx_word' id='word_1_100' title='bbox 306 1951 466 2013; x_wconf 86' lang='lat' dir='ltr'><strong>descriptione,</strong></span> <span class='ocrx_word' id='word_1_101' title='bbox 495 1967 551 2011; x_wconf 90' lang='lat' dir='ltr'><strong>quaa</strong></span> <span class='ocrx_word' id='word_1_102' title='bbox 574 1951 598 1999; x_wconf 88' lang='lat' dir='ltr'><strong>in</strong></span> <span class='ocrx_word' id='word_1_103' title='bbox 622 1952 678 2014; x_wconf 83' lang='lat' dir='ltr'><strong>Cap.</strong></span> <span class='ocrx_word' id='word_1_104' title='bbox 702 1955 717 1999; x_wconf 76' lang='lat'>2</span> <span class='ocrx_word' id='word_1_105' title='bbox 741 1952 851 2012; x_wconf 85' lang='lat' dir='ltr'><strong>seqnitur,</strong></span> <span class='ocrx_word' id='word_1_106' title='bbox 878 1951 938 2012; x_wconf 88' lang='lat' dir='ltr'><strong>quod</strong></span> <span class='ocrx_word' id='word_1_107' title='bbox 960 1955 1022 2000; x_wconf 86' lang='lat' dir='ltr'><strong>Deus</strong></span> <span class='ocrx_word' id='word_1_108' title='bbox 1038 1953 1119 2001; x_wconf 85' lang='lat' dir='ltr'><strong>habeat</strong></span> 
     </span>
     <span class='ocr_line' id='line_1_16' title="bbox 169 2023 976 2085; baseline -0.002 -13"><span class='ocrx_word' id='word_1_109' title='bbox 169 2025 278 2074; x_wconf 85' lang='lat' dir='ltr'><strong>attributa</strong></span> <span class='ocrx_word' id='word_1_110' title='bbox 293 2023 393 2081; x_wconf 84' lang='lat' dir='ltr'><strong>infinita,</strong></span> <span class='ocrx_word' id='word_1_111' title='bbox 410 2023 551 2072; x_wconf 80' lang='lat' dir='ltr'><strong>existentiam</strong></span> <span class='ocrx_word' id='word_1_112' title='bbox 566 2026 615 2084; x_wconf 82' lang='lat' dir='ltr'><strong>aJ‘us</strong></span> <span class='ocrx_word' id='word_1_113' title='bbox 631 2024 663 2072; x_wconf 91' lang='lat' dir='ltr'><strong>ita</strong></span> <span class='ocrx_word' id='word_1_114' title='bbox 679 2023 831 2071; x_wconf 82' lang='lat' dir='ltr'><strong>demonstrare</strong></span> <span class='ocrx_word' id='word_1_115' title='bbox 847 2039 976 2085; x_wconf 84' lang='lat' dir='ltr'><strong>possumus:</strong></span> 
     </span>
    </p>
   </div>
   <div class='ocr_carea' id='block_1_7' title="bbox 161 2163 1118 2368">
    <p class='ocr_par' dir='ltr' id='par_1_9' title="bbox 161 2163 1118 2368">
     <span class='ocr_line' id='line_1_17' title="bbox 198 2163 1118 2224; baseline -0.003 -12"><span class='ocrx_word' id='word_1_116' title='bbox 198 2167 271 2212; x_wconf 90' lang='lat' dir='ltr'><strong>Omna</strong></span> <span class='ocrx_word' id='word_1_117' title='bbox 287 2164 346 2224; x_wconf 88' lang='lat' dir='ltr'><strong>quod</strong></span> <span class='ocrx_word' id='word_1_118' title='bbox 362 2164 421 2211; x_wconf 84' lang='lat' dir='ltr'><strong>clare</strong></span> <span class='ocrx_word' id='word_1_119' title='bbox 437 2169 460 2211; x_wconf 90' lang='lat' dir='ltr'><strong>et</strong></span> <span class='ocrx_word' id='word_1_120' title='bbox 476 2163 582 2211; x_wconf 89' lang='lat' dir='ltr'><strong>distincta</strong></span> <span class='ocrx_word' id='word_1_121' title='bbox 596 2164 694 2210; x_wconf 85' lang='lat' dir='ltr'><strong>videmus</strong></span> <span class='ocrx_word' id='word_1_122' title='bbox 711 2163 823 2224; x_wconf 89' lang='lat' dir='ltr'><strong>pertinere</strong></span> <span class='ocrx_word' id='word_1_123' title='bbox 838 2163 866 2210; x_wconf 87' lang='lat' dir='ltr'><strong>ad</strong></span> <span class='ocrx_word' id='word_1_124' title='bbox 882 2178 927 2210; x_wconf 86' lang='lat' dir='ltr'><strong>rem</strong></span> <span class='ocrx_word' id='word_1_125' title='bbox 943 2163 1038 2222; x_wconf 75' lang='lat' dir='ltr'><strong>aliquam</strong></span> <span class='ocrx_word' id='word_1_126' title='bbox 1045 2200 1053 2222; x_wconf 88' lang='lat'>‚</span> <span class='ocrx_word' id='word_1_127' title='bbox 1066 2177 1118 2210; x_wconf 85' lang='lat' dir='ltr'><strong>vere</strong></span> 
     </span>
     <span class='ocr_line' id='line_1_18' title="bbox 166 2233 1118 2302; baseline -0.005 -16"><span class='ocrx_word' id='word_1_128' title='bbox 166 2237 194 2286; x_wconf 82' lang='lat' dir='ltr'><strong>de</strong></span> <span class='ocrx_word' id='word_1_129' title='bbox 209 2236 248 2283; x_wconf 84' lang='lat' dir='ltr'><strong>illa</strong></span> <span class='ocrx_word' id='word_1_130' title='bbox 263 2250 288 2281; x_wconf 89' lang='lat' dir='ltr'><strong>re</strong></span> <span class='ocrx_word' id='word_1_131' title='bbox 303 2235 411 2282; x_wconf 86' lang='lat' dir='ltr'><strong>affirmare</strong></span> <span class='ocrx_word' id='word_1_132' title='bbox 427 2250 553 2296; x_wconf 81' lang='lat' dir='ltr'><strong>possnmns.</strong></span> <span class='ocrx_word' id='word_1_133' title='bbox 576 2234 619 2302; x_wconf 83' lang='lat' dir='ltr'><strong>Sed</strong></span> <span class='ocrx_word' id='word_1_134' title='bbox 632 2234 660 2282; x_wconf 88' lang='lat' dir='ltr'><strong>ad</strong></span> <span class='ocrx_word' id='word_1_135' title='bbox 673 2240 775 2282; x_wconf 85' lang='lat' dir='ltr'><strong>naturam</strong></span> <span class='ocrx_word' id='word_1_136' title='bbox 788 2233 860 2294; x_wconf 81' lang='lat' dir='ltr'><strong>entis,</strong></span> <span class='ocrx_word' id='word_1_137' title='bbox 876 2234 934 2294; x_wconf 88' lang='lat' dir='ltr'><strong>qnod</strong></span> <span class='ocrx_word' id='word_1_138' title='bbox 948 2233 1014 2281; x_wconf 85' lang='lat' dir='ltr'><strong>hahet</strong></span> <span class='ocrx_word' id='word_1_139' title='bbox 1028 2233 1118 2282; x_wconf 82' lang='lat' dir='ltr'><strong>induite</strong></span> 
     </span>
     <span class='ocr_line' id='line_1_19' title="bbox 161 2305 765 2368; baseline -0.002 -13"><span class='ocrx_word' id='word_1_140' title='bbox 161 2306 291 2364; x_wconf 78' lang='lat' dir='ltr'><strong>attributa,</strong></span> <span class='ocrx_word' id='word_1_141' title='bbox 306 2305 404 2368; x_wconf 87' lang='lat' dir='ltr'><strong>pertinet</strong></span> <span class='ocrx_word' id='word_1_142' title='bbox 420 2305 554 2352; x_wconf 75' lang='lat' dir='ltr'><strong>attributum</strong></span> <span class='ocrx_word' id='word_1_143' title='bbox 569 2321 624 2354; x_wconf 80' lang='lat' dir='ltr'><strong>erse.</strong></span> <span class='ocrx_word' id='word_1_144' title='bbox 656 2305 718 2368; x_wconf 74' lang='lat' dir='ltr'><strong>Erqo</strong></span> <span class='ocrx_word' id='word_1_145' title='bbox 735 2332 765 2342; x_wconf 92' lang='lat'><strong>·-</strong></span> 
     </span>
    </p>
   </div>
   <div class='ocr_carea' id='block_1_8' title="bbox 163 2513 1119 2922">
    <p class='ocr_par' dir='ltr' id='par_1_10' title="bbox 163 2513 1119 2922">
     <span class='ocr_line' id='line_1_20' title="bbox 196 2513 1119 2576; baseline -0.003 -11"><span class='ocrx_word' id='word_1_146' title='bbox 196 2516 233 2565; x_wconf 82' lang='lat' dir='ltr'><strong>Ad</strong></span> <span class='ocrx_word' id='word_1_147' title='bbox 257 2517 300 2563; x_wconf 90' lang='lat' dir='ltr'><strong>hoo</strong></span> <span class='ocrx_word' id='word_1_148' title='bbox 324 2514 345 2562; x_wconf 86' lang='lat' dir='ltr'><strong>ai</strong></span> <span class='ocrx_word' id='word_1_149' title='bbox 368 2515 419 2575; x_wconf 83' lang='lat' dir='ltr'><strong>qnia</strong></span> <span class='ocrx_word' id='word_1_150' title='bbox 444 2515 517 2562; x_wconf 86' lang='lat' dir='ltr'><strong>dicere</strong></span> <span class='ocrx_word' id='word_1_151' title='bbox 540 2515 620 2575; x_wconf 77' lang='lat' dir='ltr'><strong>redet,</strong></span> <span class='ocrx_word' id='word_1_152' title='bbox 644 2515 687 2563; x_wconf 91' lang='lat' dir='ltr'><strong>hoc</strong></span> <span class='ocrx_word' id='word_1_153' title='bbox 703 2515 793 2564; x_wconf 85' lang='lat' dir='ltr'><strong>deidsa</strong></span> <span class='ocrx_word' id='word_1_154' title='bbox 809 2515 841 2562; x_wconf 90' lang='lat' dir='ltr'><strong>rei</strong></span> <span class='ocrx_word' id='word_1_155' title='bbox 857 2529 971 2562; x_wconf 84' lang='lat' dir='ltr'><strong>nonvero</strong></span> <span class='ocrx_word' id='word_1_156' title='bbox 987 2515 1014 2561; x_wconf 90' lang='lat' dir='ltr'><strong>de</strong></span> <span class='ocrx_word' id='word_1_157' title='bbox 1030 2513 1119 2576; x_wconf 85' lang='lat' dir='ltr'><strong>reipsa</strong></span> 
     </span>
     <span class='ocr_line' id='line_1_21' title="bbox 166 2584 1119 2645; baseline -0.002 -11"><span class='ocrx_word' id='word_1_158' title='bbox 166 2590 287 2645; x_wconf 80' lang='lat' dir='ltr'><strong>affirmare,</strong></span> <span class='ocrx_word' id='word_1_159' title='bbox 309 2587 365 2634; x_wconf 84' lang='lat' dir='ltr'><strong>lnlse</strong></span> <span class='ocrx_word' id='word_1_160' title='bbox 380 2586 477 2645; x_wconf 85' lang='lat' dir='ltr'><strong>dicaret,</strong></span> <span class='ocrx_word' id='word_1_161' title='bbox 493 2601 545 2634; x_wconf 82' lang='lat' dir='ltr'><strong>nam</strong></span> <span class='ocrx_word' id='word_1_162' title='bbox 560 2586 609 2634; x_wconf 88' lang='lat' dir='ltr'><strong>idea</strong></span> <span class='ocrx_word' id='word_1_163' title='bbox 625 2601 671 2633; x_wconf 90' lang='lat' dir='ltr'><strong>non</strong></span> <span class='ocrx_word' id='word_1_164' title='bbox 687 2586 764 2635; x_wconf 81' lang='lat' dir='ltr'><strong>existit</strong></span> <span class='ocrx_word' id='word_1_165' title='bbox 780 2585 924 2634; x_wconf 85' lang='lat' dir='ltr'><strong>materialiter</strong></span> <span class='ocrx_word' id='word_1_166' title='bbox 939 2585 1044 2633; x_wconf 85' lang='lat' dir='ltr'><strong>attributi</strong></span> <span class='ocrx_word' id='word_1_167' title='bbox 1059 2584 1119 2644; x_wconf 87' lang='lat' dir='ltr'><strong>quod</strong></span> 
     </span>
     <span class='ocr_line' id='line_1_22' title="bbox 166 2651 1119 2717; baseline -0.007 -7"><span class='ocrx_word' id='word_1_168' title='bbox 166 2659 194 2710; x_wconf 77' lang='lat' dir='ltr'><strong>all</strong></span> <span class='ocrx_word' id='word_1_169' title='bbox 218 2674 257 2706; x_wconf 90' lang='lat' dir='ltr'><strong>ens</strong></span> <span class='ocrx_word' id='word_1_170' title='bbox 282 2651 337 2704; x_wconf 85' lang='lat' dir='ltr'><strong>illn&#39;d</strong></span> <span class='ocrx_word' id='word_1_171' title='bbox 361 2656 476 2717; x_wconf 83' lang='lat' dir='ltr'><strong>pertinet,</strong></span> <span class='ocrx_word' id='word_1_172' title='bbox 498 2657 574 2717; x_wconf 86' lang='lat' dir='ltr'><strong>itaque</strong></span> <span class='ocrx_word' id='word_1_173' title='bbox 596 2656 620 2704; x_wconf 88' lang='lat' dir='ltr'><strong>id</strong></span> <span class='ocrx_word' id='word_1_174' title='bbox 636 2657 694 2717; x_wconf 91' lang='lat' dir='ltr'><strong>qnod</strong></span> <span class='ocrx_word' id='word_1_175' title='bbox 710 2659 831 2705; x_wconf 80' lang='lat' dir='ltr'><strong>affirmatur</strong></span> <span class='ocrx_word' id='word_1_176' title='bbox 845 2672 886 2704; x_wconf 87' lang='lat' dir='ltr'><strong>nec</strong></span> <span class='ocrx_word' id='word_1_177' title='bbox 902 2656 935 2703; x_wconf 90' lang='lat' dir='ltr'><strong>rei</strong></span> <span class='ocrx_word' id='word_1_178' title='bbox 949 2672 991 2704; x_wconf 88' lang='lat' dir='ltr'><strong>nec</strong></span> <span class='ocrx_word' id='word_1_179' title='bbox 1006 2655 1068 2703; x_wconf 86' lang='lat' dir='ltr'><strong>illins</strong></span> <span class='ocrx_word' id='word_1_180' title='bbox 1084 2661 1119 2704; x_wconf 87' lang='lat' dir='ltr'><strong>est</strong></span> 
     </span>
     <span class='ocr_line' id='line_1_23' title="bbox 165 2727 1119 2791; baseline -0.004 -14"><span class='ocrx_word' id='word_1_181' title='bbox 165 2729 225 2791; x_wconf 88' lang='lat' dir='ltr'><strong>qnod</strong></span> <span class='ocrx_word' id='word_1_182' title='bbox 248 2729 276 2776; x_wconf 87' lang='lat' dir='ltr'><strong>de</strong></span> <span class='ocrx_word' id='word_1_183' title='bbox 298 2743 322 2775; x_wconf 90' lang='lat' dir='ltr'><strong>re</strong></span> <span class='ocrx_word' id='word_1_184' title='bbox 346 2729 483 2787; x_wconf 82' lang='lat' dir='ltr'><strong>affirmetur;</strong></span> <span class='ocrx_word' id='word_1_185' title='bbox 509 2727 542 2776; x_wconf 85' lang='lat' dir='ltr'><strong>ita</strong></span> <span class='ocrx_word' id='word_1_186' title='bbox 558 2734 583 2776; x_wconf 90' lang='lat' dir='ltr'><strong>nt</strong></span> <span class='ocrx_word' id='word_1_187' title='bbox 597 2728 658 2775; x_wconf 89' lang='lat' dir='ltr'><strong>inter</strong></span> <span class='ocrx_word' id='word_1_188' title='bbox 672 2728 743 2776; x_wconf 83' lang='lat' dir='ltr'><strong>ideam</strong></span> <span class='ocrx_word' id='word_1_189' title='bbox 761 2734 784 2776; x_wconf 88' lang='lat' dir='ltr'><strong>et</strong></span> <span class='ocrx_word' id='word_1_190' title='bbox 798 2729 860 2775; x_wconf 88' lang='lat' dir='ltr'><strong>illius</strong></span> <span class='ocrx_word' id='word_1_191' title='bbox 875 2727 972 2776; x_wconf 87' lang='lat' dir='ltr'><strong>ideatorn</strong></span> <span class='ocrx_word' id='word_1_192' title='bbox 990 2742 1070 2788; x_wconf 80' lang='lat' dir='ltr'><strong>magna</strong></span> <span class='ocrx_word' id='word_1_193' title='bbox 1088 2727 1119 2774; x_wconf 88' lang='lat' dir='ltr'><strong>sit</strong></span> 
     </span>
     <span class='ocr_line' id='line_1_24' title="bbox 164 2799 1118 2860; baseline -0.004 -10"><span class='ocrx_word' id='word_1_194' title='bbox 164 2801 301 2858; x_wconf 73' lang='lat' dir='ltr'><strong>differentia,</strong></span> <span class='ocrx_word' id='word_1_195' title='bbox 317 2806 340 2847; x_wconf 89' lang='lat' dir='ltr'><strong>et</strong></span> <span class='ocrx_word' id='word_1_196' title='bbox 356 2799 426 2860; x_wconf 77' lang='lat' dir='ltr'><strong>igitur</strong></span> <span class='ocrx_word' id='word_1_197' title='bbox 440 2799 507 2857; x_wconf 84' lang='lat' dir='ltr'><strong>illud,</strong></span> <span class='ocrx_word' id='word_1_198' title='bbox 525 2799 584 2858; x_wconf 90' lang='lat' dir='ltr'><strong>quod</strong></span> <span class='ocrx_word' id='word_1_199' title='bbox 599 2800 722 2847; x_wconf 83' lang='lat' dir='ltr'><strong>affirmatur</strong></span> <span class='ocrx_word' id='word_1_200' title='bbox 736 2799 764 2848; x_wconf 90' lang='lat' dir='ltr'><strong>de</strong></span> <span class='ocrx_word' id='word_1_201' title='bbox 779 2815 815 2858; x_wconf 88' lang='lat' dir='ltr'><strong>re,</strong></span> <span class='ocrx_word' id='word_1_202' title='bbox 830 2814 877 2847; x_wconf 90' lang='lat' dir='ltr'><strong>non</strong></span> <span class='ocrx_word' id='word_1_203' title='bbox 892 2799 920 2847; x_wconf 90' lang='lat' dir='ltr'><strong>de</strong></span> <span class='ocrx_word' id='word_1_204' title='bbox 935 2800 1118 2847; x_wconf 86' lang='lat' dir='ltr'><strong>ideaaffirmatur</strong></span> 
     </span>
     <span class='ocr_line' id='line_1_25' title="bbox 163 2873 338 2922; baseline -0.011 0"><span class='ocrx_word' id='word_1_205' title='bbox 163 2879 187 2922; x_wconf 87' lang='lat' dir='ltr'><strong>at</strong></span> <span class='ocrx_word' id='word_1_206' title='bbox 203 2873 251 2920; x_wconf 83' lang='lat' dir='ltr'><strong>vioe</strong></span> <span class='ocrx_word' id='word_1_207' title='bbox 267 2885 338 2920; x_wconf 79' lang='lat' dir='ltr'><strong>versa.</strong></span> 
     </span>
    </p>
   </div>
   <div class='ocr_carea' id='block_1_9' title="bbox 0 0 1182 3412">
    <p class='ocr_par' dir='ltr' id='par_1_11' title="bbox 0 0 1182 3412">
     <span class='ocr_line' id='line_1_26' title="bbox 0 0 1182 3412; baseline 0 0"><span class='ocrx_word' id='word_1_208' title='bbox 0 0 1182 3412; x_wconf 95' lang='lat' dir='ltr'><strong> </strong></span> 
     </span>
    </p>
   </div>
  </div>
 </body>
</html>
