2354 3412
583 93 618 150 16

419 303 544 360 CAPUT
563 304 780 362 SECUNDUM.

487 490 557 539 Qmo
576 491 620 530 stu
638 491 720 530 DRUS.

160 661 311 734 Postquam
335 662 391 734 jam
412 662 657 718 demonstravimus
675 663 765 718 Deum
784 679 858 727 esse,
888 678 962 716 uuuo
980 665 1071 716 osten·

126 741 190 796 dere
209 747 316 813 oportet
334 742 399 815 quid
419 742 456 798 sit
474 743 558 798 Deus.
597 743 664 798 Esse
683 748 774 799 autem
793 762 855 798 eom
874 743 990 798 dicimus
1003 762 1068 805 ens.

126 820 159 875 de
187 839 242 894 quo
269 823 360 877 omnia
389 823 445 877 sive
465 823 571 876 infinita
589 824 723 878 attributa
742 824 922 893 dicuutu11).
953 841 1070 896 quorum

123 901 316 958 attributorum
337 902 548 973 unumquodque
567 901 596 956 in
615 920 665 958 suo
683 921 781 976 genere
799 903 906 958 infinite
918 903 1070 975 perfectum

123 986 174 1037 eat.

158 1140 199 1196 Ut
226 1140 311 1213 igitur
336 1140 499 1196 seutentiam
519 1146 638 1195 nostram
659 1141 708 1196 bao
730 1141 763 1196 de
782 1159 810 1197 re
829 1141 958 1197 distinete
977 1141 1070 1212 expri-

123 1238 242 1283 mamus,
263 1223 381 1292 qnatuor
399 1220 541 1291 sequentia
559 1221 772 1292 praemittimus:

159 1303 187 1356 1.
225 1301 289 1357 Nou
302 1319 361 1355 esse
374 1301 553 1355 substantiam
569 1301 688 1363 finitam,
706 1301 751 1355 sed
765 1317 870 1355 omnem
885 1299 1067 1355 substantiam

122 1382 151 1435 iu
165 1397 215 1436 suo
228 1398 326 1452 genere
339 1381 445 1435 infinite
458 1381 603 1452 perfectam
617 1397 676 1434 esse
688 1379 800 1446 debere,
814 1380 873 1436 soil.
889 1381 960 1452 quod
974 1380 1004 1435 in
1014 1379 1068 1436 Dei

122 1459 264 1516 intellectu
278 1460 385 1515 infinito
396 1459 473 1514 nulia
482 1460 636 1514 substantia
645 1461 789 1531 perfectior
799 1477 857 1514 esse
866 1460 968 1531 possit,
984 1476 1066 1531 quam

121 1540 262 1612 quaejam
281 1540 309 1594 in
330 1544 427 1594 natura
445 1540 551 1594 existit.

157 1700 182 1752 2.
222 1697 285 1752 Nou
305 1715 363 1752 esse
382 1697 451 1752 duas
469 1697 638 1752 substautias
657 1698 708 1753 sibi
727 1715 814 1769 pares.

156 1780 181 1835 3.
216 1776 306 1832 Unam
326 1778 505 1832 substantiam
525 1777 637 1831 alteram
657 1796 711 1832 nou
730 1795 808 1849 posse
827 1776 984 1849 producere.

154 1945 181 1992 4.
220 1922 253 1991 In
273 1936 325 1991 Dei
343 1936 451 1991 infinito
469 1935 612 1992 intellectu
626 1955 679 1991 uon
694 1955 751 1991 esse
765 1937 962 2001 substantiam,
982 1954 1065 2009 quam

119 2035 189 2090 qnae
208 2017 245 2071 sit
262 2014 412 2071 formaliter
430 2017 459 2071 in
478 2021 583 2073 natura.
601 2013 622 2079 ²)

148 2193 173 2244 lt
197 2190 270 2237 Causa
294 2198 341 2247 est,
365 2189 424 2248 qood
440 2206 488 2236 oum
505 2190 569 2237 Nihil
586 2191 647 2237 uuila
663 2190 771 2236 attributa
788 2191 869 2236 habere
886 2189 969 2249 possit,
993 2189 1069 2237 Omne

117 2263 192 2308 omnia
213 2262 322 2308 attributa
341 2261 421 2307 babere
438 2260 514 2319 debet5
538 2268 560 2307 et
577 2263 610 2307 uti
626 2260 690 2307 Nihil
706 2261 767 2307 nulla
782 2260 892 2307 attributa
909 2261 987 2318 habet,
1013 2262 1067 2319 quia

115 2333 171 2380 uibii
189 2340 235 2390 est,
252 2333 285 2378 sio
300 2331 385 2392 aliquit
400 2332 505 2391 quaedam
524 2332 589 2378 babet
604 2330 713 2376 attributa
730 2331 782 2389 qnia
797 2329 881 2389 aliquid
897 2337 942 2387 ast,
959 2338 981 2376 et
995 2331 1067 2391 igitur

115 2411 221 2464 quautam
238 2403 346 2464 plausit,
368 2409 433 2450 tauto
451 2403 514 2462 plura
531 2401 640 2449 attributa
658 2402 737 2447 habers
752 2400 823 2448 debet.
858 2400 918 2446 Hiuo
934 2402 1009 2459 Deua,
1026 2403 1066 2461 qui

114 2481 149 2520 est
173 2473 359 2534 perfectissimus,
387 2473 486 2519 infinitus
511 2472 557 2518 sire
581 2474 666 2531 omnia,
693 2473 792 2529 infinita,
818 2472 917 2531 perfecta
942 2479 964 2517 et
989 2475 1065 2520 omnia

114 2545 223 2592 attributa
240 2545 319 2591 habere
334 2543 406 2592 debet.

144 2688 169 2743 2)
200 2686 255 2732 Cum
280 2685 350 2746 igitur
370 2685 431 2731 nullu
455 2683 486 2731 sit
501 2682 625 2731 substantia
641 2683 718 2741 finita,
743 2683 815 2730 omnis
832 2683 957 2730 substantia
975 2683 1063 2731 infinite

114 2757 142 2803 ad
158 2773 197 2802 eus
214 2756 311 2803 divinum
328 2756 438 2816 pertinere
454 2755 525 2803 debet.
547 2754 615 2803 Quod
632 2755 665 2801 sio
680 2755 860 2801 demonstratur:
885 2756 905 2800 1.
921 2754 980 2800 euim
996 2755 1064 2801 relse

113 2828 163 2888 ipss
175 2828 321 2874 determinare
330 2827 394 2874 debet
403 2847 409 2884 ;
426 2829 447 2873 2.
456 2827 491 2873 vel
499 2827 527 2872 ab
535 2826 580 2872 alio
588 2826 729 2872 determinari
738 2826 821 2872 debuit.
838 2825 890 2871 Nou
899 2833 972 2871 autem
982 2841 1006 2872 ae
1014 2825 1062 2886 ipsa

112 2898 259 2946 determinare
272 2905 356 2960 potest,
373 2899 438 2958 quia,
446 2912 494 2944 cum
504 2898 597 2959 primum
606 2896 780 2955 innatassent,
790 2912 876 2943 omnem
885 2912 946 2943 auam
956 2903 1059 2944 usturam
