2354 3412
639 135 698 193 114

194 320 258 358 num
289 299 461 365 vocabimus,
490 301 518 354 ct
546 297 716 354 econtrario
735 297 806 369 quod
826 314 877 354 nos
895 298 925 354 in
943 314 977 354 eo
994 293 1081 368 impedi

194 381 238 436 vel
257 397 312 435 non
331 397 363 435 eo
383 379 534 443 conducet,
563 377 676 434 melum.
710 374 910 442 Quamobrem,
930 377 965 432 ed
984 371 1077 449 eliquit

195 460 313 516 hominio
332 459 403 515 bono
422 463 450 513 et
469 458 540 514 melo
552 456 742 519 trectendom.
767 456 902 513 hominem
915 457 1081 529 periectomc

195 557 307 596 noscere
330 539 431 600 debeo,
459 538 575 610 quiade
595 536 665 593 bono
684 534 809 608 maloque
829 540 950 593 trectcnc
969 533 1081 609 porticui

197 621 339 693 cujusdem
358 620 492 684 hominis,
513 619 554 675 uti
574 618 674 675 Ademi
693 636 718 675 v.
737 634 774 683 c..
794 635 843 673 ene
861 618 934 674 recle
950 636 1011 675 cum
1023 627 1078 674 ente

196 701 279 757 tionis
308 699 517 763 confunderem
546 697 620 772 quod
645 715 661 752 e
688 714 752 752 vero
777 697 939 770 philosopho
958 697 1075 770 religione

195 780 323 839 tendum.
348 779 384 834 ob
402 796 515 842 caueae,
543 792 611 850 qnnc
630 777 684 832 elie
708 778 913 848 opportunitate
932 781 1025 850 poctce
1041 774 1081 834 nt

196 875 267 915 mue.
293 858 389 924 Adde,
410 875 472 914 cum
490 857 591 912 Ademi
610 855 654 910 vel
673 855 744 911 elice
762 857 904 928 cujusdem
924 857 1040 914 hominis
1055 874 1081 928 pc

195 938 297 995 colaris
310 938 372 993 finis
385 937 464 992 nobie
476 936 585 993 nonnisi
599 939 699 991 eventu
712 937 839 1007 cognitus
852 937 903 1000 sit.
918 937 983 992 inde
995 953 1081 1008 concep

197 1024 228 1075 ot
246 1018 329 1074 etiem
348 1017 393 1082 id,
413 1008 486 1089 quoii
504 1018 537 1072 dc
556 1016 673 1073 hominis
691 1017 745 1070 fine
763 1016 900 1082 dicemus,
921 1017 1081 1073 fundatum«

197 1098 295 1154 debeat
313 1099 342 1153 in
362 1096 534 1168 perceptione
554 1095 671 1152 hominis
689 1096 801 1167 perfecti
821 1097 849 1152 in
868 1097 1012 1154 intellectu
1031 1099 1081 1153 nost

195 1178 275 1250 cujus
301 1178 396 1242 finem,
425 1175 525 1248 quippe
544 1177 591 1248 qni
610 1192 658 1231 ens
676 1175 791 1231 rationis
814 1176 866 1242 sit,
888 1175 956 1232 bene
979 1192 1081 1250 cognoce

196 1274 355 1330 possumus,
380 1256 422 1311 uti
450 1256 532 1310 etiem
561 1255 606 1326 (nt
633 1255 751 1324 dictum)
778 1255 879 1311 bonnm
898 1261 927 1312 et
946 1257 1045 1313 melum
1060 1254 1081 1328 ej

197 1338 297 1410 qnippe
316 1355 384 1409 quoe
404 1335 513 1392 nonnisi
532 1333 672 1408 cogitandi
691 1335 763 1391 modi
782 1335 846 1391 nint.

209 1859 211 1863 .
233 1810 274 1866 Ut
289 1809 346 1882 jem
367 1809 466 1865 sensim
486 1809 595 1865 adrem
615 1810 819 1882 perveniemus,
848 1810 1002 1868 meminisse
1019 1828 1066 1884 opo

198 1890 262 1964 quic
276 1908 309 1944 ex
322 1894 416 1945 nostre
429 1889 602 1961 perceptione
615 1894 718 1954 motus,
733 1890 856 1955 effectus,
871 1895 900 1947 et
912 1893 1061 1948 ectioncen

198 1971 306 2024 nostroe
324 1968 464 2032 oriuntur,
485 1985 534 2022 nos
544 1969 743 2039 perceptionem
753 1970 783 2025 in
793 1975 910 2043 quotuor
920 1977 1011 2043 pertce
1020 1972 1056 2028 dit

198 2051 225 2104 1.
246 2049 275 2104 in
295 2047 543 2112 commenditum,
570 2049 595 2102 2.
617 2049 871 2119 experientiam.
892 2051 987 2119 fidem,
1007 2055 1032 2110 4.

199 2127 302 2183 tionem
322 2126 432 2182 clarem.

234 2207 304 2262 Cum
324 2211 415 2261 eutem
435 2205 530 2260 herum
550 2207 669 2262 omnium
689 2208 801 2264 effectus
820 2209 877 2279 jem
896 2209 1040 2266 viderimus

198 2289 273 2358 petet
292 2289 416 2358 quartem
435 2285 455 2340 i.
476 2304 498 2342 e.
517 2286 701 2358 cognitionem
719 2287 820 2344 cleram
839 2290 960 2345 omnium
980 2291 1036 2362 pert

198 2383 268 2421 mem
287 2383 361 2426 esse:
391 2364 484 2436 opinio
503 2365 575 2420 enim
594 2383 643 2421 nos
662 2385 741 2438 seepe
760 2368 789 2423 in
808 2385 924 2424 errorem
943 2369 1021 2426 ducit

198 2463 249 2518 que
277 2445 344 2500 fides
372 2445 460 2500 colum
487 2451 629 2517 propterea
658 2446 744 2512 bone,
772 2447 844 2519 quod
863 2447 900 2503 sit
922 2450 968 2504 via
986 2449 1020 2504 ad

198 2525 381 2598 cognitionem
401 2541 504 2596 nosque
523 2524 625 2580 excitet
643 2524 678 2579 cd
697 2543 739 2581 nes
757 2544 826 2598 quoe
845 2544 908 2583 vere
920 2529 1017 2586 amabil

226 2817 249 2874 1)
273 2813 294 2860 E
320 2813 380 2860 nulle
404 2813 463 2859 enim
478 2818 580 2861 creatura
598 2813 727 2876 particulari
743 2815 814 2862 ideam
831 2817 951 2876 perfectam
969 2817 1002 2866 he'

195 2900 255 2942 mne,
281 2899 330 2931 cum
355 2885 408 2931 hoec
431 2885 479 2944 ejce
504 2884 611 2945 perfectio
627 2884 654 2944 (i.
669 2901 688 2932 e.
705 2892 779 2932 utinm
795 2902 846 2933 vere
862 2888 960 2948 perfecte
976 2889 995 2936 ei

197 2955 258 3003 nolle
273 2955 318 3003 elie
334 2971 358 3002 ne
373 2955 451 3002 deduci
466 2955 537 3016 poscit
553 2955 639 3004 nisiex
655 2955 704 3004 ideo
719 2956 817 3017 perfecte
830 2958 930 3018 generali
939 2959 991 3007 veie
