2354 3412
565 103 603 158 98

147 265 192 320 Ad
212 264 277 320 haee
296 264 387 319 omnia
405 280 469 318 vero
488 263 585 319 melius
603 262 797 334 intelligenda,
825 263 981 334 exemplum
1000 281 1057 336 pro·

112 362 243 416 ponemus
262 363 293 399 ex
314 343 409 416 regula
428 345 461 398 de
481 343 568 399 tribus
588 347 723 406 sumtum:
744 360 840 414 nempe

147 504 173 556 1.
196 501 314 557 Audiuit
333 503 394 574 quis
415 501 616 566 tantummodo,
639 501 725 574 quod,
747 501 794 556 ubi
814 501 842 555 in
856 500 951 572 regula
965 500 998 556 de
1012 503 1057 556 tri·

112 581 163 636 bus
176 598 305 635 numerus
325 581 460 637 secundus
479 599 542 638 cum
562 580 644 635 tertio
669 579 881 651 multiplicatur,
903 584 931 636 et
950 581 994 637 hic
1013 599 1058 652 par

111 660 228 732 primum
255 661 404 724 dividitur,
428 665 541 733 quartus
570 677 698 714 numerus
726 660 900 726 inveniatur,
922 662 970 732 qui
989 660 1058 731 ejus·

112 743 172 796 dem
191 742 456 814 proportionalitatis
475 742 509 797 ad
529 742 643 796 tertium
662 759 694 797 ac
713 742 849 797 secundus
867 742 902 797 ad
921 744 1048 814 primum.

147 823 183 878 Et
202 838 364 894 quamquam
383 821 406 876 is
426 821 472 892 qui
493 820 543 876 hoc
561 821 614 891 ipsi
633 820 673 874 ita
692 821 848 891 proposuit,
870 822 985 877 mentire
998 839 1056 892 pos·

112 905 169 966 set,
201 902 319 957 laborem
348 918 427 955 auum
453 903 544 954 tamen
564 919 595 954 ea
613 901 719 955 ratione
738 901 875 965 instituit,
905 901 987 973 idque
1007 920 1060 956 ma·

108 981 196 1050 joram
214 980 399 1052 cognitionem
419 980 529 1051 regulae
550 980 630 1035 istius
644 981 677 1034 de
690 979 778 1034 tribus
792 997 847 1034 non
865 980 967 1036 habens
980 999 1060 1054 quam

112 1077 209 1116 caecus
236 1059 335 1114 habeat
356 1058 488 1114 colorum.
528 1059 564 1114 ut
584 1060 623 1114 sic
642 1059 733 1114 omnia
752 1077 821 1131 quae
841 1060 874 1113 de
893 1078 925 1115 eo
945 1062 1060 1117 dixerit.

112 1141 243 1210 garrivit,
264 1140 305 1195 uti
325 1139 459 1210 psittacus
478 1156 509 1193 aa
528 1157 596 1210 quae
616 1139 759 1194 addidicit.

150 1459 174 1514 2.
192 1457 290 1520 Alius,
310 1457 448 1513 celerioris
467 1461 577 1527 captus,
599 1474 627 1510 se
645 1455 704 1510 solo
720 1456 829 1512 dicendi
843 1455 940 1510 auditu
954 1457 1060 1512 nonita

113 1537 266 1592 contentari
294 1537 374 1602 sinit,
406 1537 451 1590 aad
480 1536 518 1590 rei
547 1537 699 1607 periculum
725 1538 791 1593 lacit
810 1539 839 1593 in
858 1539 1060 1610 computatum·

112 1616 271 1687 particulari
290 1619 424 1696 quadam,
453 1615 601 1688 vidensque
620 1616 696 1672 illam
716 1619 876 1683 convenire,
903 1619 984 1673 fidem
1003 1619 1060 1674 dat

114 1696 201 1752 Recte
229 1701 320 1751 autem
348 1696 467 1751 diximus
486 1699 513 1749 et
533 1695 604 1752 hune
623 1697 708 1752 errori
728 1696 882 1767 subjectum
901 1715 975 1762 aase;
997 1716 1060 1770 quo

113 1776 193 1830 modo
221 1777 293 1832 enim
322 1776 422 1831 certior
442 1793 500 1830 esse
519 1780 624 1846 potest,
654 1777 868 1848 experimentum
888 1778 1059 1848 particulari

112 1854 255 1925 cujusdam
274 1856 313 1911 rei
332 1855 454 1910 omnium
472 1855 497 1910 oi
515 1854 637 1926 regulam
656 1857 783 1912 futuram.

149 2096 173 2151 3.
192 2095 302 2149 Tertius
327 2110 376 2149 nec
396 2093 510 2159 auditu,
541 2095 640 2166 quippe
668 2094 777 2161 fallaci,
807 2112 857 2150 nec
877 2095 1058 2166 experimant

114 2174 290 2246 particulari,
310 2175 410 2247 quippe
430 2174 502 2246 quod
521 2176 641 2229 omnium
660 2175 754 2246 regula
773 2193 831 2229 csse
844 2179 979 2247 nequeat,
999 2188 1060 2230 con

114 2260 222 2319 tentus,
242 2272 332 2309 veram
352 2254 485 2309 rationem
505 2255 659 2326 experitur,
680 2272 748 2325 quae
769 2254 835 2310 bene
848 2254 974 2310 adhibita
988 2269 1057 2309 nun

114 2352 195 2407 quom
213 2334 321 2389 fefellit.
351 2335 427 2389 Haec
446 2335 532 2406 igitur
550 2335 574 2389 ei
588 2334 656 2390 dioit
670 2351 739 2398 rem,
762 2352 935 2389 numerorum
949 2345 1060 2406 propor

114 2413 278 2469 tionalitatis
296 2432 393 2479 cansa,
416 2414 456 2469 ita
475 2432 502 2469 se
516 2413 627 2477 habere,
648 2431 697 2469 neo
710 2413 790 2468 aliter
803 2431 861 2469 esse
875 2416 1060 2485 potuissene

118 2494 247 2550 futuram.

151 2736 177 2787 4.
192 2733 316 2794 Quartus
326 2735 436 2797 autem,
451 2731 635 2803 cognitionem
649 2731 828 2788 clarissimam
841 2730 959 2796 habens,
975 2741 1060 2813 neqq

116 2812 227 2877 auditu,
254 2829 341 2883 neque
359 2812 557 2884 experimento,
579 2829 665 2883 neque
685 2811 774 2883 logica
793 2829 861 2883 opus
880 2811 976 2877 habet,
996 2820 1060 2883 qul

115 2893 262 2949 intuitione
281 2909 331 2946 sua
343 2893 434 2948 statim
448 2891 729 2964 proportionalitatem
744 2891 772 2948 in
784 2891 910 2948 omuibus
923 2891 1060 2964 computfl
