2354 3412
559 68 615 125 176

150 231 253 289 Tertio.
282 227 404 298 cognitio
423 227 536 293 haecce,
556 232 663 299 praeter
681 245 773 283 verum
794 229 912 300 proximi
931 246 1043 293 amorosa

111 326 190 380 quem
211 309 240 362 in
260 308 338 363 nohis
357 307 474 373 excitat,
494 325 543 362 nos
562 310 602 362 ite
620 309 780 370 constituit,
803 327 945 380 nunquam
958 314 1043 371 utone

111 387 175 443 odio
194 387 291 441 habere
310 405 360 443 nec
379 387 407 442 in
421 405 482 442 eum
497 388 560 443 irati
574 406 631 443 esse
645 388 796 460 possimus,
817 391 960 460 cupiamus
972 394 1055 461 anua,

111 484 173 521 eum
193 467 324 538 adjuvare
343 471 371 522 et
388 467 422 520 ad
437 467 574 523 meliorem
588 473 689 522 statum
702 468 869 538 perducere;
889 488 959 541 quae
970 485 1056 529 omna.

111 546 208 601 talium
239 546 373 600 hominem
403 547 525 602 actiones
544 554 627 610 sunt,
658 566 784 618 magnam
803 549 851 620 qui
871 550 1052 620 perfecticuea·

112 627 293 681 essentiamre
313 625 439 680 habeant.
460 656 494 666 -

149 707 264 766 Quarto,
294 706 391 761 haecce
421 706 541 776 cognitio
569 706 597 762 in
626 703 792 777 reipublicae
822 707 939 762 salutem
958 707 1045 771 tendit

111 786 211 858 quippe
225 804 278 857 qua
289 786 375 856 judex
386 787 509 855 partibus
520 787 602 840 unius
611 803 674 857 prae
684 785 798 839 alterins
808 787 920 841 studere
930 792 1045 859 nequeat

112 870 140 919 et
168 883 252 920 unum
278 866 374 935 punire
393 871 471 921 coact
473 883 504 919 us
524 869 555 919 ut
543 865 687 919 etiterum
708 866 810 935 premio
830 866 947 932 afficiat,
920 869 1081 931 tiator-2

111 947 187 1001 tione
207 945 277 1000 illud
296 946 379 1000 faciat
398 963 482 1000 unum
502 950 644 1016 tantopere
663 963 743 1016 qnam
763 943 881 1000 alterum
900 934 1081 1023 adjuvandi

150 1027 259 1086 oceno
281 1025 402 1096 cognitio
422 1025 518 1080 haecce
538 1043 587 1079 nos
606 1023 739 1078 liberata
723 1027 890 1092 ratristitia,
916 1026 1081 1101 desperati·-

111 1125 179 1169 one,
200 1106 354 1166 invidia,t
342 1110 460 1167 terrore
480 1104 595 1176 aliisque
613 1102 896 1175 malispassionibus,
917 1126 1000 1180 quae,
1015 1104 1047 1161 uti
1079 1134 1081 1149 ι

111 1192 206 1258 postca
225 1186 362 1248 dicemus,
387 1184 544 1240 Gehenne
536 1201 595 1254 ipsa
612 1188 686 1239 sunt.
1061 1254 1064 1261 Ι

147 1266 242 1326 Scato.
272 1265 393 1336 cognitio
422 1265 519 1319 haecce
545 1281 595 1318 nos
623 1282 655 1317 eo
674 1265 833 1336 perducit,·
850 1267 939 1321 Deum
959 1272 1047 1321 utnon
1079 1296 1081 1327 ;

111 1349 272 1410 timeamus,
293 1345 334 1400 uti
353 1343 401 1398 alii
420 1344 585 1401 Diabolum.
606 1363 640 1398 ne
659 1343 725 1416 quid
745 1345 809 1399 mali
825 1347 859 1400 iis
872 1346 965 1401 faciat.
985 1346 1048 1407 Quo·
1076 1394 1081 1407 .

111 1425 192 1480 modo
214 1427 285 1480 enim
305 1426 393 1479 Deum
414 1424 509 1478 timere
528 1440 668 1495 possemus
686 1424 732 1495 qni
752 1424 843 1494 ipsum
862 1442 995 1480 summurn
1013 1424 1081 1501 haef-,3

112 1523 177 1560 num
198 1511 254 1567 est,
276 1509 304 1558 et
322 1523 338 1558 a
357 1521 411 1576 quo
431 1505 520 1558 omnia
539 1503 675 1574 quandam
695 1504 839 1559 essentiam
855 1504 985 1562 habentia
997 1508 1050 1561 sust

111 1585 184 1657 quod
205 1588 285 1647 sunt,
306 1585 346 1639 uti
367 1587 395 1638 et
413 1601 462 1638 nos
481 1584 533 1653 ipsi
552 1585 586 1638 ab
606 1600 637 1636 eo
657 1600 765 1645 sumus,
786 1585 814 1638 in
834 1602 866 1638 eo
886 1585 1024 1642 viventes?

146 1663 276 1732 Septimo,
315 1664 436 1734 cognitio
465 1662 562 1716 haecce
589 1678 622 1715 eo
650 1663 731 1715 etiam
760 1663 887 1732 perducit
897 1669 907 1727 ‚'
941 1669 973 1718 ut
999 1664 1050 1721 Deo

112 1744 204 1798 omnia
232 1744 431 1807 attribuemus,
460 1759 521 1796 cum
541 1741 627 1796 solum
648 1758 784 1807 amemus,
813 1743 878 1812 quia
898 1742 1066 1816 augustiati.

111 1841 171 1877 mus
197 1828 224 1876 et
252 1823 465 1956 perfectissimus
493 1825 550 1882 est,
580 1821 672 1891 itaque
692 1823 723 1874 ιιι
741 1821 766 1874 ei
786 1838 835 1875 noa
855 1816 1072 1889 ιιιιιιιιοιιιιιιι·’ΙΙ

112 1904 141 1958 in
171 1904 278 1973 proprie
303 1907 330 1956 et
358 1919 422 1955 vera
451 1900 547 1971 religio
575 1905 603 1956 et
626 1905 737 1954 aeterna
765 1908 858 1956 nostra
878 1905 953 1960 salus
972 1910 999 1960 et
1015 1905 1052 1959 bc·
1066 1894 1071 1901 ⁵

112 1982 221 2036 atitudo
249 1982 351 2036 consist
354 1985 418 2043 unt;
392 1980 506 2035 taola
534 1981 606 2035 enim
635 1981 764 2050 perfectio
793 1987 820 2036 et
849 1983 964 2038 ultimus
991 1980 1073 2059 ιιιιὶΙ

112 2061 174 2115 finis
214 2065 270 2115 rna
272 2065 378 2114 rumen
380 2078 443 2131 rque
480 2059 524 2115 hic
559 2064 620 2123 est,
663 2064 694 2114 ιιι
727 2059 843 2115 officium
879 2061 922 2117 illi
954 2061 1072 2118 mande.

111 2151 172 2196 tum
202 2140 269 2195 bene
297 2139 434 2210 perficiat:
465 2157 487 2193 e.
518 2156 545 2208 g.
579 2140 688 2215 quando
707 2140 808 2195 faber
800 2160 828 2196 111
848 2160 930 2214 opere
946 2143 1050 2215 quoda!

112 2218 270 2275 fabricando
299 2220 388 2274 securi
417 2235 466 2273 sua
494 2235 521 2271 se
550 2219 652 2290 optime
679 2220 804 2290 adjutum
833 2221 926 2289 videt,
961 2221 1052 2279 securis

112 2300 161 2356 illa
189 2302 223 2355 ad
252 2302 331 2355 finem
360 2299 607 2370 perfectionemque
632 2317 707 2354 suam
726 2301 766 2355 ita
784 2304 926 2371 pervenit:
957 2306 980 2360 si
997 2317 1073 2358 vcro·

114 2382 243 2453 cogitare,
264 2378 316 2434 sihi
344 2377 443 2433 vellet:
475 2379 577 2433 securis
605 2378 703 2435 haecce
732 2380 797 2436 mihi
825 2381 973 2439 admodum
996 2383 1051 2438 bene
