2354 3412
641 120 700 179 208

198 266 270 322 sario
288 264 444 336 pandecta
461 263 595 337 qualitate
613 281 703 320 rorum
721 261 883 335 quibuscum
902 263 973 321 uuio
991 261 1080 323 iocum
1092 261 1130 321 ba

201 346 253 402 bet.
289 344 410 406 Quando
428 344 514 416 igitur
532 344 645 400 effectus
663 344 727 400 illos
744 345 923 415 percipimus,
944 361 1042 401 revera
1055 343 1131 401 diacre

198 442 342 496 possumus
371 441 421 479 nos
450 442 510 480 ease
528 428 713 497 progeneratos.
748 424 841 479 Prima
858 424 932 480 enim
952 428 1048 480 nostra
1063 440 1132 496 geas

199 506 269 560 ratio
296 509 355 560 erat
374 505 422 560 ubi
440 521 502 560 cum
521 520 633 575 corpore
653 504 829 566 uniebamur,
858 521 912 576 qua
931 504 1004 559 talea
1022 505 1133 561 anticam

199 584 399 656 spirituumque
426 589 517 654 motus
541 584 721 646 exstiterunt:
747 583 833 639 altera
852 587 945 638 autem
965 583 1065 639 haecce
1081 598 1134 639 noa·

199 668 241 718 tra
259 665 399 735 generatio
417 664 464 726 fit,
490 663 600 735 quando
618 663 687 719 aiios
705 663 815 718 omnino
833 663 934 718 amoris
953 662 1082 727 effectus,
1099 676 1134 719 at·

198 743 319 799 cundum
348 743 499 815 incorporei
528 741 610 813 hujus
637 740 738 813 objecti
764 742 969 814 cognitionem,
1006 743 1037 799 iu
1063 741 1133 799 nobis

198 824 378 895 percipimus,
399 827 560 895 tantumque
578 840 594 876 a
612 823 700 893 priore
719 822 862 886 differunt,
884 826 1020 894 quantum
1040 829 1133 879 ntersc

198 902 328 958 differunt
346 919 505 974 corporeum
523 903 782 974 incorporeumque,
801 920 876 957 mens
895 905 923 957 et
936 919 1046 974 corpus.
1063 905 1133 964 Ques

199 984 284 1054 igitur
308 1000 371 1038 vere
387 984 516 1055 justeque
534 983 703 1053 regeneratio
721 1000 754 1036 eo
772 982 858 1053 magis
876 982 1063 1046 nominanda,
1087 998 1134 1054 qna

199 1082 233 1118 ex
260 1080 351 1119 amore
377 1068 406 1117 et
433 1062 533 1118 unione
562 1061 619 1117 illis
637 1065 766 1133 sequatur
784 1067 895 1117 aeterna
914 1061 1133 1134 immutabilisque

202 1142 357 1208 stabilitas,
379 1143 420 1198 uti
439 1141 622 1198 ostendemus.

1166 1538 1173 1877 i

464 2059 503 2096 uro
521 2058 611 2097 nnrnr
629 2055 876 2096 rrrnrouunnrrnru.
1170 2036 1173 2105 j

384 1883 508 1940 CAPUT
526 1883 744 1940 VICESIMUM
762 1880 948 1938 TERTIUM.

228 2200 322 2260 Quum
351 2203 455 2254 attente
484 2201 686 2256 consideramus
713 2199 842 2270 quidnam
869 2212 945 2250 mens
964 2195 1002 2250 sit
1020 2198 1049 2249 et
1068 2192 1131 2249 unde
1171 2202 1173 2221 ²

194 2280 310 2334 mutatio
337 2280 499 2351 duratioque
533 2281 591 2351 ejus
610 2281 746 2341 oriantur,
776 2276 856 2331 facile
875 2274 1046 2340 videbimus,
1074 2287 1130 2329 num

196 2360 318 2414 mortuiis
336 2378 372 2414 an
390 2361 551 2415 immortalis
567 2361 611 2416 sit.

229 2440 351 2494 Mentem
370 2441 455 2511 igitur
473 2439 630 2495 dicebamus
649 2456 707 2493 esse
725 2437 814 2492 ideam
832 2437 861 2490 in
880 2453 908 2490 ro
928 2435 1082 2506 cogitante,
1101 2448 1130 2487 ex

194 2519 233 2572 rei
262 2537 331 2590 quae
359 2521 388 2574 in
416 2524 514 2575 natura
542 2524 584 2575 est
611 2519 729 2574 essentia
756 2523 853 2573 ortam.
892 2516 974 2571 Unda
997 2516 1128 2588 sequitur,
1171 2528 1173 2575 :

192 2600 264 2669 quod
295 2600 335 2654 uti
364 2599 402 2654 rei
430 2601 546 2655 mutatio
572 2599 734 2670 duratioque
753 2598 852 2652 mentis
870 2598 953 2651 etium
973 2597 1089 2651 mutatio
1104 2595 1130 2647 ct

193 2679 302 2734 duratio
326 2680 394 2734 erit:
421 2681 576 2735 notavimus
594 2683 734 2750 praeterea
752 2683 869 2732 mentem
888 2676 962 2732 uniri
980 2674 1127 2747 posserius

194 2773 256 2812 cum
284 2775 396 2830 corpore
423 2758 503 2829 cujus
527 2760 589 2814 ides
609 2763 651 2813 est
669 2759 726 2813 sive
744 2773 806 2812 cum
825 2755 902 2820 Deo,
933 2757 994 2810 sine
1012 2771 1067 2828 quo
1084 2765 1126 2807 nec
