2354 3412
623 92 683 150 204

185 254 320 323 postrema
346 251 513 321 cognitionis
539 251 629 323 speeie
655 253 690 308 ad
718 253 793 309 illam
817 256 962 327 pervenire
985 256 1116 326 possimus.

181 329 309 387 Diximus
335 333 427 385 autem
450 330 522 387 hanc
546 331 711 402 cognitionis
730 334 847 404 speciem
866 352 922 390 non
941 335 1075 406 profluere
1090 352 1118 392 ex

181 410 236 467 alia
253 409 369 483 quadam
388 427 430 471 re.
450 411 498 465 sed
517 429 551 466 ex
568 410 725 468 immediata
743 412 830 484 ipsius
848 412 952 485 objecti
974 414 1119 471 intellectui

182 490 411 546 manifestatione.
449 490 532 550 Quod
568 492 590 546 si
618 490 754 562 objectum
780 491 850 547 illud
873 493 1054 563 magnificeris
1080 493 1120 549 bo

181 587 301 642 numque
319 569 370 633 sit,
392 586 467 624 mens
485 570 637 626 necessario
655 588 718 626 cum
736 588 768 626 eo
787 572 899 634 unitur,
920 572 964 628 uti
984 578 1013 627 et
1025 573 1059 628 de
1070 588 1121 629 cor·

180 667 244 722 pore
262 654 356 705 nostro
374 648 501 706 diximus.
537 648 618 704 Unde
635 651 758 723 sequitur
776 651 963 721 cognitionem
982 669 1042 707 esse
1059 666 1120 724 quac

181 747 300 786 amorem
328 732 429 786 causet.
466 729 510 785 lta
538 732 570 783 ut
596 729 619 783 si
638 729 687 784 iilo
706 730 785 785 modo
803 730 893 786 Deum
912 746 1119 802 cognoscamus.

182 826 231 865 nos
259 808 410 865 necessario
436 825 499 864 cuni
525 807 586 878 ipso
614 810 725 880 (quippe
743 810 790 882 qui
808 827 837 865 se
856 811 969 866 nonnisi
987 815 1120 884 tamqnam
1164 832 1167 855 :

180 889 314 960 optimum
325 887 604 960 augustissimumquc
615 887 759 953 exhibere,
777 906 864 960 neque
877 907 895 944 a
907 888 989 946 nobis
1001 884 1122 962 cognosci

71 1037 75 1045 Ι
182 969 281 1041 possit)
300 968 378 1024 unire
390 967 544 1024 debeamus.
565 967 600 1023 In
619 985 672 1039 quo
691 967 764 1033 solo,
784 969 826 1024 uti
836 969 893 1039 jam
906 967 1047 1035 diximus,
1067 969 1121 1025 bea·

183 1049 274 1106 titudo
292 1053 386 1105 nostra
399 1049 536 1104 consistit.
555 1047 665 1110 Quibus
677 1046 767 1102 verbis
777 1064 842 1103 vero
854 1047 932 1104 nullo
946 1049 1030 1106 modo
1041 1049 1123 1106 dicore
1165 1048 1167 1093 i

183 1129 278 1200 cupio,
298 1146 347 1186 noa
359 1146 437 1194 cum,
451 1127 540 1199 qualis
552 1130 595 1184 cst
607 1127 665 1182 sive
676 1128 826 1199 adaequate
839 1144 1005 1199 cognoscere
1018 1129 1123 1191 debere,

184 1211 251 1265 satis
260 1210 332 1264 enirn
350 1208 428 1265 nobis
441 1211 483 1263 est
491 1246 501 1273 ,
514 1224 591 1271 eum,
608 1209 639 1261 ut
651 1224 714 1262 cum
727 1224 758 1261 eo
771 1208 915 1272 uniamur,
928 1208 1123 1281 quodammodo

187 1305 356 1362 cognoscere.
391 1288 465 1344 Nam
483 1291 513 1342 ct
531 1286 593 1350 illa,
614 1304 694 1357 quam
707 1288 828 1358 corporis
841 1286 989 1353 habemus,
1009 1289 1124 1360 cognitio

183 1387 238 1424 non
265 1387 297 1423 ea
321 1373 381 1434 est,
409 1366 528 1423 utillud
547 1381 742 1438 cognoscamus
760 1367 840 1440 quale
859 1373 902 1424 eat
919 1368 979 1424 sire
994 1371 1122 1442 perfecte,

184 1451 319 1503 ettamen
337 1447 428 1519 qualis
446 1447 512 1502 unio
531 1462 593 1503 cum
614 1445 660 1501 eoi
680 1446 769 1517 qualis
787 1447 848 1518 ejus
865 1449 957 1504 amor!

218 1763 408 1835 Cognitionem
427 1762 504 1818 illam
522 1766 662 1834 quartam.
691 1779 761 1835 quae
780 1762 831 1818 Dei
851 1764 975 1837 cognitio
993 1769 1053 1829 est,
1076 1783 1124 1821 non

183 1861 218 1899 ex
235 1843 290 1899 alia
308 1860 336 1897 re
355 1843 503 1914 profluere,
523 1842 569 1897 sed
582 1841 766 1897 immediatam
779 1860 852 1905 esse,
874 1861 907 1898 ex
921 1862 954 1897 eo
967 1849 1047 1915 patet
1059 1843 1125 1917 qnod

182 1928 264 1977 antea
288 1940 349 1976 eum
377 1940 435 1976 esse
460 1923 485 1976 1.
503 1921 748 1976 demonstravimus
766 1922 855 1979 omnis
877 1924 1048 1995 cognitionis
1067 1942 1124 1981 cnu-

184 2020 256 2066 sam3
283 2005 307 2059 2.
325 2003 398 2074 quod
417 2019 464 2072 per
483 2019 511 2055 se
530 2002 587 2072 ipse
606 2005 714 2055 tantum
733 2017 783 2056 nee
801 2018 849 2072 per
867 2002 950 2057 aliam
971 2003 1057 2059 ullam
1075 2020 1125 2059 rem

184 2082 373 2154 cognoscitur;
398 2083 423 2138 3.
443 2081 576 2152 denique,
595 2080 668 2152 quod
686 2098 703 2134 a
722 2086 820 2136 natura
838 2099 871 2135 ea
889 2083 996 2137 ratione
1016 2101 1080 2139 cum
1097 2098 1125 2136 eo

184 2163 255 2218 uuiti
274 2178 382 2229 sumus,
402 2164 434 2216 ut
452 2160 554 2232 absque
566 2178 598 2215 eo
609 2176 660 2215 nec
672 2161 787 2215 existere
801 2179 850 2216 nec
863 2163 971 2233 concipi
985 2164 1125 2234 possimus

182 2241 264 2298 Unde
283 2243 355 2298 clare
373 2242 496 2313 seqnitur
515 2258 564 2296 nos
582 2259 643 2296 eum
663 2257 717 2295 non
736 2240 789 2295 nisi
808 2240 965 2297 immediate
978 2241 1127 2314 intelligere

183 2338 269 2393 posse.

217 2401 309 2462 Quam
338 2404 458 2456 nostram
486 2399 613 2456 unionem
640 2415 702 2455 cunr
727 2399 786 2456 Deo
814 2404 913 2456 natura
939 2404 970 2456 et
994 2417 1087 2457 amore
1103 2416 1142 2456 ex·

184 2480 286 2552 plicare
301 2480 358 2551 jam
377 2479 545 2537 conabimur.

218 2641 346 2698 Diximus
364 2644 446 2695 antea
464 2638 534 2694 nihil
552 2639 581 2693 in
600 2640 699 2694 natura
716 2653 775 2691 esse
793 2653 872 2708 posse
891 2636 972 2707 cujus
991 2654 1050 2694 non
1068 2637 1126 2696 idea

100 2717 104 2725 ’
184 2721 213 2777 in
231 2720 353 2792 ejusdem
371 2720 411 2777 rei
430 2723 519 2775 mente
537 2719 648 2773 daretur
662 2719 700 2788 1);
727 2722 755 2772 et
773 2733 827 2789 quo
845 2733 889 2772 res
908 2717 997 2789 magis
1017 2718 1064 2774 vel
1083 2718 1130 2774 mi·

215 2986 240 3046 1)
271 2982 326 3032 Quo
342 2983 408 3032 simul
425 2981 549 3045 explicatur
565 2981 625 3043 quod
641 2981 665 3031 in
680 2983 744 3043 purte
758 2979 834 3042 priore
841 2978 983 3038 dicebamur,
997 2979 1136 3032 intellectum
