2354 3412
565 106 603 162 14

111 268 165 322 iius
193 266 291 320 mutari
320 267 457 336 posse1),
492 280 553 319 cum
579 263 615 320 sit
634 265 799 336 perfectum,
832 263 904 335 qnod
923 265 982 318 tum
1001 280 1057 318 non

110 352 199 409 esset;
229 345 271 400 rel
291 346 372 400 etiam
392 346 464 418 quod
484 363 538 400 non
556 346 643 416 possit
662 345 816 416 subjectum
835 362 893 400 esse
912 344 1057 418 abaliquo

110 431 287 488 nassiterna,
307 442 368 480 cum
387 424 560 496 omnipotens
578 426 622 482 sit.

150 506 192 561 Ex
223 505 350 560 omnibus
380 505 437 560 illis
468 505 541 560 clarc
572 505 712 577 sequitur,
743 504 815 576 quod
844 509 898 559 tam
918 506 1055 575 oprimi,

110 603 193 659 quam
213 603 231 639 a
243 587 385 655 posteriori
407 586 587 640 demonstrari
605 584 692 656 possit
710 585 800 649 Deum
818 602 886 639 esse.
924 585 984 641 Imo
1004 603 1060 639 me·

112 666 168 721 iius
187 667 268 720 etiam
289 685 306 719 a
320 666 407 735 priori
431 682 511 736 quam
530 683 548 719 a
559 665 718 734 posteriori5
747 681 790 719 res
809 665 896 728 enim,
930 681 998 736 quae
1017 665 1058 720 ita

112 747 353 809 demonstrantur,
382 762 429 816 per
458 747 584 799 externas
612 760 675 799 snas
698 761 794 800 causas
812 744 992 799 demonstrari
1011 745 1057 798 de·

112 823 194 889 irent,
225 824 297 897 quod
327 827 355 879 in
380 825 415 879 iis
433 825 602 896 imperfectio
620 828 716 896 aperte
734 828 791 885 est,
821 823 921 895 qnippe
940 840 1009 894 quae
1028 841 1058 878 se

112 906 188 977 ipsae
214 923 268 960 non
293 905 445 975 patefacere
473 905 581 976 possint
598 904 740 976 solumque
760 922 793 957 ex
811 903 902 959 causis
921 905 1059 960 extraneis

113 987 254 1057 patefiant.
290 985 342 1040 Sed
361 985 452 1049 Deus,
473 1001 555 1040 causa
574 986 660 1056 pmtna
679 984 798 1038 omnium
819 1001 907 1038 rerum
928 987 955 1038 et
974 983 1056 1039 etiam

111 1082 197 1120 cause
216 1065 271 1120 sui.
293 1081 321 1118 se
339 1081 387 1135 per
406 1081 434 1118 se
453 1065 510 1135 ipse
528 1066 667 1135 patefacit.
706 1067 799 1125 Quare
819 1082 873 1121 non
888 1065 1004 1121 multum
1017 1083 1059 1120 re·

112 1146 167 1200 fert
196 1144 315 1200 Thomas
339 1143 374 1197 ab
397 1142 510 1214 Aquino
540 1143 662 1203 dictum.
693 1146 782 1201 Deum
802 1163 856 1200 non
876 1163 892 1200 e
910 1144 994 1217 priori
1012 1145 1057 1200 de-

114 1224 260 1279 monstrari
279 1240 374 1295 posse,
393 1224 494 1294 quippe
513 1224 560 1294 qui
579 1241 634 1279 non
653 1225 752 1279 hebeat
771 1241 888 1281 causam.

144 1402 168 1459 1)
185 1400 259 1447 Causa
275 1399 337 1447 illins
353 1399 484 1447 mutationis
500 1415 548 1447 essa
564 1399 652 1447 deberat
668 1399 701 1447 vel
719 1405 782 1448 entra
797 1416 845 1448 eam
861 1402 896 1449 vel
908 1401 932 1448 in
949 1417 982 1448 ea.
1007 1401 1060 1448 Non

112 1486 166 1518 vero
189 1476 253 1518 extra
277 1485 324 1517 earn
344 1475 391 1529 est,
415 1485 465 1517 nam
482 1471 544 1518 nulla
559 1470 696 1529 substantia,
722 1487 789 1531 qnae,
814 1473 848 1519 nti
864 1472 916 1531 illa,
941 1488 995 1520 ase
1010 1473 1060 1533 ipsa

109 1549 160 1600 est,
175 1541 203 1588 ab
219 1541 294 1600 aliqua
310 1556 334 1588 re
350 1547 412 1589 extra
428 1556 477 1588 eam
492 1541 586 1602 pandet,
603 1558 644 1590 nec
659 1542 730 1603 igitur
744 1543 864 1590 mutationi
877 1544 905 1590 ab
920 1559 947 1590 ea
961 1542 1060 1602 subjecta

113 1619 156 1661 est.
187 1612 236 1658 Nec
251 1612 318 1660 etiam
335 1612 358 1659 in
375 1629 400 1660 ea
416 1618 465 1670 est,
482 1627 532 1659 nam
549 1613 610 1660 nnila
626 1628 672 1670 res,
689 1628 759 1673 eoque
772 1614 921 1673 miuneham,
942 1613 1061 1661 snamvnlt

111 1685 303 1744 destructionem
326 1685 399 1732 omnis
419 1685 542 1733 destructio
565 1685 702 1734 extrinsecus
719 1685 752 1732 fit.
785 1684 856 1732 Porro
873 1685 932 1744 quod
949 1701 994 1732 non
1012 1699 1060 1731 esse

113 1757 185 1818 possit
199 1757 324 1804 substantia
340 1756 404 1803 finita
420 1755 471 1804 inde
489 1761 562 1818 patet,
578 1755 637 1815 qnod
652 1761 700 1803 tum
717 1755 842 1802 necessario
857 1755 941 1816 aliquid
958 1756 1059 1812 haberet,

110 1827 171 1888 qnod
195 1843 209 1873 a
234 1828 305 1874 nihilo
321 1829 427 1884 haberet3
451 1826 510 1886 qnod
526 1826 574 1873 fieri
589 1827 681 1886 nequit;
708 1826 764 1874 unde
780 1829 839 1874 enim
856 1826 912 1874 illud
929 1827 1018 1874 haberet
1034 1827 1059 1873 in

112 1912 157 1957 qno
181 1913 194 1944 a
218 1898 268 1944 Deo
292 1897 382 1946 differt?
414 1898 497 1945 Saltem
522 1913 568 1944 non
591 1914 604 1944 a
626 1898 692 1955 Deo;
716 1913 767 1945 narn
783 1897 820 1944 hie
836 1896 869 1945 nil
885 1896 1010 1958 imperfecti
1026 1897 1060 1943 vel

112 1968 172 2016 finiti
191 1968 269 2016 habet:
285 1986 337 2032 erpo
353 1969 410 2016 unde
425 1969 469 2016 nisi
485 1985 499 2016 a
515 1967 603 2016 nihilo?
