2354 3412
501 865 627 922 CAPUT
645 865 815 924 PRIMUM.

373 1053 411 1093 DE
430 1053 585 1104 OPINIONE,
604 1053 691 1101 mn,
711 1056 747 1094 ET
765 1055 950 1101 coonmorm.

221 1214 262 1269 Ut
279 1212 442 1284 incipiamus
461 1213 550 1269 dicere
568 1213 602 1267 de
621 1211 706 1267 modis
715 1214 733 1274 ¹)
752 1215 878 1285 equibus
891 1216 1020 1273 consistit
1033 1217 1133 1282 horno,

187 1294 309 1350 dicemus
327 1295 352 1350 1
370 1293 436 1365 quid
455 1294 518 1350 sint
538 1295 563 1348 2.
584 1293 695 1365 quinam
714 1310 807 1349 eorum
825 1296 944 1354 affectus.
962 1299 988 1354 3.
1001 1315 1136 1370 quaenam

189 1389 305 1514 engici
324 1451 358 1505 ad
372 1452 495 1522 primum,
525 1451 687 1523 incipiamus
702 1452 760 1523 jam
778 1453 850 1510 ab
832 1473 881 1518 ns,
908 1455 955 1527 qni
974 1456 1057 1513 nobis
1076 1475 1136 1532 cog·

188 1534 241 1590 niti
260 1536 339 1597 sunt,
359 1548 376 1586 a
394 1531 554 1604 quibusdam
574 1548 669 1603 nempe
682 1532 752 1588 ideis
764 1533 808 1589 vel
821 1535 960 1591 conscient
961 1536 989 1592 ia
1001 1539 1136 1611 cognitio·

189 1615 232 1670 nis
253 1616 375 1668 nostrum
395 1617 423 1666 et
441 1629 529 1667 rernm
549 1615 627 1667 extra
644 1629 702 1668 nos

225 1772 316 1828 Hasce
335 1770 410 1826 ideas
429 1770 515 1842 igitur
534 1769 738 1834 nanciscamur,
812 1773 868 1827 sive

224 1853 251 1907 1.
273 1850 331 1905 sola
350 1852 417 1913 fide:
437 1867 507 1922 qnae
525 1849 592 1904 fides
610 1851 697 1905 oritur

309 1933 335 1986 1.
357 1949 389 1985 ex
408 1929 521 1995 audita,
540 1928 585 1984 vel

297 2010 337 2066 H.
359 2009 526 2081 experientia
540 2010 579 2078 ²):
815 2012 872 2066 sive

232 2092 258 2146 2.
280 2089 332 2145 fide
350 2107 428 2153 vera;
450 2089 506 2144 sive

226 2171 252 2224 3.
273 2168 347 2225 clara
365 2168 548 2240 distinctaque
567 2167 754 2238 conceptione

229 2251 285 2304 lum
303 2248 466 2320 generaliter
484 2248 568 2302 errori
588 2246 739 2318 subjectum
759 2252 809 2302 est.

227 2331 280 2383 tom
294 2332 321 2383 et
334 2330 399 2392 ὅππη,
412 2345 574 2399 quamquam
587 2326 697 2383 intereo
710 2326 873 2391 differentia,
888 2344 978 2383 errare
987 2335 1139 2402 naqncnnt.

222 2592 245 2650 1)
222 2589 326 2637 lModi
343 2607 355 2636 a
370 2591 449 2650 qnibns
466 2592 534 2638 homo
550 2589 655 2637 consistit
671 2595 724 2636 sont
739 2590 841 2637 notiones
857 2590 941 2638 divisas
956 2591 981 2639 in
996 2592 1141 2655 opinionem,

196 2661 260 2707 iidem
276 2667 298 2708 et
315 2661 395 2708 claram
412 2661 583 2720 distinctamqua
601 2660 763 2721 cognitionem,
787 2677 813 2709 ex
829 2661 923 2722 singolis
940 2662 1005 2710 rebns
1020 2666 1144 2716 monnin-

93 2775 96 2783 .
193 2734 300 2791 cuiusque
315 2736 417 2778 naturam
433 2737 501 2780 ortas.

219 2805 244 2863 2)
261 2802 312 2850 Hae
327 2803 430 2850 notiones
446 2803 497 2852 fidei
513 2817 560 2864 cap.
576 2818 621 2863 seq
640 2803 712 2865 primo
727 2809 852 2866 ponantur,
868 2805 943 2866 ibique
958 2811 982 2854 et
997 2806 1054 2856 alibi
1069 2812 1144 2915 opinis

192 2873 309 2933 dicontur,
325 2878 350 2921 nt
365 2877 388 2921 et
404 2879 463 2923 sunt.
