2354 3412
562 105 621 163 194

405 283 528 340 CAPUT
549 282 779 340 VICE‘I'INUM.

362 439 613 480 rusucunmuwrr
632 439 821 481 Amanium.

154 583 202 647 ui,
231 582 305 654 quod
330 583 360 639 in
383 584 561 655 praecedente
581 583 671 654 eapite
689 582 811 638 diximus
828 583 1002 641 difficultates
1016 601 1046 641 re·

119 665 234 734 quentes
251 661 336 733 objioi
354 667 484 734 possunt:

152 744 254 810 Primo,
275 744 298 800 si
317 749 407 799 motus
424 744 581 816 passionum
600 760 684 799 ouusu
702 760 758 798 non
777 743 832 806 sit,
853 744 990 815 quomodo
1005 743 1049 801 deri

117 826 208 894 potest
227 829 258 878 ut
276 823 390 878 tristitia
408 824 549 878 nonnullis
561 823 657 878 mediis
670 821 839 896 expellatur,
855 826 898 881 uti
910 827 1050 897 pertinum

116 921 196 974 saepe
208 904 259 959 fit?
277 903 323 958 Ad
335 903 407 974 quod
418 903 567 974 respondeo
577 903 801 976 distinguendum
816 921 875 959 esse
886 905 959 961 inter
968 903 1051 960 mentis

117 984 338 1054 perceptionem,
357 982 405 1037 ubi
423 984 540 1054 primum
559 1000 657 1056 eorpus
676 984 793 1055 pereipit
806 989 833 1038 et
843 983 981 1055 judioium
992 982 1051 1057 quod

115 1063 214 1118 deinde
232 1062 325 1117 stetim
344 1062 427 1128 fauit,
446 1080 512 1117 num
530 1061 630 1117 bonum
650 1082 686 1118 en
700 1063 800 1118 mulum
813 1063 868 1119 sibi
884 1063 922 1119 sir
934 1063 967 1134 ¹).
985 1065 1053 1121 Mem

116 1142 202 1212 igitur
228 1143 267 1196 ita
294 1143 462 1206 constituta,
496 1147 527 1196 ut
555 1161 637 1215 supro
666 1143 724 1215 jum
749 1142 855 1199 diotum
881 1149 940 1210 est,
972 1148 1050 1216 poton·

119 1223 186 1277 tium
213 1221 296 1276 hebet
323 1252 359 1262 -
387 1221 428 1277 uti
447 1221 504 1292 jam
532 1226 614 1277 antee
642 1223 813 1279 ostendimus
831 1254 868 1266 —
886 1224 998 1296 spiritns
1014 1220 1051 1278 nti

117 1301 186 1357 velit
213 1301 355 1366 movendi;
385 1317 538 1372 quaerero
556 1302 680 1372 potentia
698 1302 724 1356 ei
743 1301 827 1356 adimi
846 1306 954 1373 potest,
980 1318 1051 1374 qusn-

115 1381 152 1436 do
181 1399 227 1452 per
253 1382 322 1436 alias
349 1398 446 1436 oeusos
474 1382 596 1452 eorporis
623 1381 653 1435 in
681 1398 780 1451 genere
799 1381 867 1436 haee
885 1382 946 1454 ejus
964 1378 1049 1438 oonsti·

117 1462 189 1515 tutio
216 1460 347 1516 adimitur
373 1461 417 1514 vel
443 1465 579 1523 mutetur:
612 1460 692 1532 eujus
721 1461 767 1516 ubi
786 1462 897 1517 conseia
915 1463 987 1518 fecte
1002 1463 1048 1523 est,

116 1540 230 1595 tristitie
256 1540 344 1595 oritur
362 1538 406 1610 ¹),
435 1541 585 1596 seeundum
613 1539 812 1605 mutationem,
840 1558 923 1613 quum
952 1541 1048 1614 spiritu

145 2379 170 2435 1)
202 2378 222 2422 Ι.
246 2392 265 2423 e.
289 2377 349 2423 inter
372 2375 546 2422 intellectionem
571 2374 705 2435 generaliter
730 2381 825 2423 sumtum
832 2413 839 2435 ,
861 2383 884 2423 et
908 2377 965 2437 quod
985 2370 1044 2422 utus
1086 2406 1092 2419 .

115 2450 196 2494 bonum
213 2448 344 2507 mulumque.

129 2522 153 2578 2)
184 2518 287 2565 Tristitia
310 2518 336 2564 in
351 2517 440 2564 homine
454 2523 560 2564 causetur
575 2533 602 2564 ex
618 2515 725 2577 opinione
740 2516 826 2576 aliquid
842 2519 934 2569 muliei
952 2515 1043 2570 aooidert,

113 2590 207 2649 alicujus
223 2588 276 2634 boni
291 2589 424 2649 privatione.
441 2587 523 2645 Quod,
539 2588 571 2634 ite
580 2593 726 2647 conceptum,
743 2588 815 2634 ideam
824 2589 927 2648 producit
936 2584 1044 2649 spirituaii

113 2678 140 2722 se¹
160 2662 219 2708 oiroa
235 2661 322 2707 cordem
338 2677 437 2718 movere,
463 2660 529 2720 idque
544 2661 638 2707 alierum
655 2659 751 2718 partium
768 2659 854 2706 auxilio
871 2675 967 2720 premere
982 2654 1042 2704 osis

113 2733 261 2789 oumoindere,
278 2735 341 2791 cujus
356 2731 493 2779 contrarium
509 2731 600 2778 omuino
618 2730 642 2776 in
660 2730 746 2776 laetitia
762 2731 796 2776 fit.
828 2730 967 2777 Pressiouem
981 2730 1044 2776 hrum

112 2820 173 2850 mens
187 2819 263 2850 rursus
279 2803 374 2862 percipit
390 2810 412 2849 et
428 2802 479 2848 inde
494 2801 592 2848 dolorum
609 2801 677 2861 oepit.
694 2801 756 2849 Quid
769 2806 817 2861 jam
833 2809 868 2848 ost
885 2801 944 2860 quod
959 2797 1044 2847 nemen

113 2878 147 2923 vel
171 2876 247 2921 uinum
271 2873 388 2920 efficiunt?
414 2875 456 2919 hoo
480 2873 528 2919 soil.
552 2878 577 2918 ut
600 2872 689 2918 actione
712 2888 752 2918 suu
776 2873 869 2931 spiritus
893 2870 982 2919 istos'n
995 2864 1043 2916 eorde

113 2949 221 3010 repellent
236 2946 353 3003 locumque
368 2949 489 3002 evacuent3
507 2947 570 3004 eujus
579 2960 641 2990 mens
649 2944 733 2990 certior
741 2945 812 3002 sautu,
830 2951 986 3001 recreaturus,
999 2932 1041 3000 quod

111 3020 165 3067 meli
184 3017 273 3078 opinio,
298 3016 342 3062 elie
364 3014 510 3076 proportione
523 3015 607 3073 quietis
622 3019 645 3062 et
661 3022 748 3074 motus,
772 3016 855 3062 ovino
871 3021 969 3072 eanum,
990 3009 1041 3058 des·
