2354 3412
555 134 613 195 1³4

113 296 196 352 iorem
224 311 402 368 rognosoere;
430 295 520 369 quod,
546 298 588 354 uti
607 298 746 356 rationes
764 299 860 366 duret,
881 299 1029 374 praeeipuam
1079 366 1080 370 Ἰ

113 382 155 432 eet
181 394 235 449 quo
262 377 298 433 ad
324 379 517 450 permotionem
546 381 695 441 veniamne.
731 381 787 437 Ubi
815 381 888 437 enim
906 379 1030 454 potentian
1079 450 1080 455 η

112 457 359 530 perfectionemque
378 462 502 514 nostram
522 459 590 514 bene
609 461 814 533 eognoeoimus,
842 461 915 518 olere
932 462 1033 518 videmus

112 536 179 610 quid
198 537 277 592 nobie
294 537 449 596 iaciendum
469 539 522 604 sit,
540 539 576 595 ad
596 539 695 596 bonum
713 545 839 597 nostrum
857 542 937 597 finem
950 544 1033 611 uiper-

112 618 271 680 veniamus;
291 620 445 683 etiterum,
464 620 600 678 deieotum
614 624 736 677 nostrum
749 623 778 676 et
790 621 976 694 impotentiam
986 632 1035 688 eos·

113 701 269 761 noscentes,
289 698 414 754 videmus
431 701 498 772 quiri
517 700 596 757 nobie
614 701 758 757 vitandum
778 702 823 756 sit.

149 856 231 918 Quod
250 856 285 912 ad
303 857 465 929 Superbiem
483 858 743 931 Abjeotionemque,
763 875 858 914 earum
869 858 952 914 etiam
963 851 1039 912 deiri·

115 938 203 991 tiones
222 937 289 991 satis
307 937 432 994 indicant
450 955 496 994 eae
515 939 631 1012 quedam
649 957 683 994 ex
701 938 830 1009 opinione
849 938 931 1000 oriri;
950 933 1040 993 ‹iieobad

115 1033 175 1070 mus
203 1017 274 1070 enim
303 1016 419 1088 priorem
447 1018 482 1074 ad
509 1018 588 1074 illum
615 1019 762 1090 pertinere,
793 1018 841 1091 qui
866 1016 1040 1090 perfessione

116 1093 252 1166 quandam
279 1094 333 1166 ipsi
360 1112 415 1152 nou
438 1098 574 1170 propriam
593 1098 645 1154 sibi
664 1097 815 1177 attribuat:
845 1098 925 1170 eujus
943 1092 1043 1177 Aaou(

116 1175 204 1244 ipsum
222 1176 389 1231 eontrarium
408 1183 457 1235 est.

776 1303 788 1341 b

153 1415 234 1469 Patet
252 1415 338 1485 igitur
350 1416 477 1480 odietis,
498 1416 586 1489 quod,
606 1431 686 1488 quam
706 1414 792 1471 bonae
805 1415 991 1487 salutaresque
999 1409 1045 1468 siet

117 1494 291 1550 Generositas
308 1494 530 1568 Humilitaeque,
550 1495 684 1567 Superbia
703 1499 730 1550 et
747 1495 878 1567 Abjeutio
896 1488 1046 1551 rennuerit

116 1576 173 1625 tam
193 1571 278 1626 mulne
297 1574 325 1628 et
343 1578 500 1644 perversae:
529 1574 586 1630 illis
604 1574 675 1629 enim
694 1589 832 1646 possessor
851 1590 907 1629 non
925 1570 1044 1629 soiumia

118 1649 217 1706 bonum
238 1652 349 1709 duoitur
367 1657 485 1720 etatum,
506 1654 553 1710 sed
572 1658 638 1710 eunt
655 1653 737 1710 etiam
750 1654 809 1725 ipse
821 1653 939 1726 gradus,
959 1644 1044 1726 quoti

117 1749 250 1788 summam
270 1740 389 1791 nostram
410 1735 525 1807 salutem
543 1732 756 1795 adscensionem
778 1750 840 1790 oum
860 1732 1046 1789 baeooeeooa·

15 1845 18 1849 -
118 1814 203 1868 trerio
231 1831 286 1870 nou
312 1815 400 1871 solum
426 1834 477 1872 nos
504 1816 654 1889 impediant
674 1813 710 1867 ad
728 1813 922 1884 perfectionem
942 1810 1045 1867 noemi

119 1899 150 1946 ut
169 1895 374 1964 perveniamus,
403 1895 451 1950 sed
469 1896 552 1950 etiam
570 1896 599 1951 in
618 1898 738 1948 nostram
757 1891 864 1947 ruinam
883 1909 934 1948 nos
952 1889 1047 1947 dueaut

120 1973 249 2044 Abjeotio
276 1992 326 2030 nos
348 1976 462 2047 impedit
480 1975 625 2048 quominus
643 1972 713 2027 illud
732 1972 865 2028 feriamus
882 1973 956 2045 quod
973 1970 1046 2028 ium

119 2053 249 2109 debemus
267 2058 299 2110 ut
316 2056 428 2126 perteoti
442 2055 602 2117 reddemur,
622 2052 665 2108 nti
677 2051 801 2107 videmus
813 2052 843 2107 in
856 2053 983 2125 soeptiois
994 2045 1044 2124 qai»

120 2137 251 2204 negantes
279 2132 414 2191 huminem
441 2135 527 2190 ullam
555 2132 652 2190 habere
680 2148 758 2203 posse
785 2131 931 2188 veritatem
959 2120 1046 2201 seipsi

120 2214 202 2272 haece
230 2216 374 2286 negatione
392 2234 425 2271 ea
442 2216 567 2288 privant:
596 2229 658 2269 uum
678 2211 810 2283 Superbia
828 2229 843 2266 e
861 2212 998 2268 eontrario
1012 2210 1046 2264 ret

120 2313 169 2350 nos
188 2297 306 2368 arripere
321 2296 423 2360 faeiat,
449 2315 520 2371 quoe
537 2299 611 2352 reeta
628 2293 674 2349 via
692 2292 727 2348 ad
746 2291 854 2348 ruinam
872 2296 991 2348 nostrum
1007 2287 1045 2343 oe

121 2379 202 2440 tunt;
224 2377 265 2431 uti
283 2380 360 2448 patet
371 2377 534 2449 videturque
546 2377 575 2431 iu
587 2373 715 2430 omnibus
727 2371 798 2436 illis,
820 2371 868 2444 qui
881 2363 1047 2445 opinationi

120 2457 320 2527 opinautnrqne
339 2474 368 2511 ee
386 2473 448 2513 eum
468 2455 527 2510 Deo
545 2453 706 2510 mirabiliter
724 2451 793 2508 bene
808 2469 838 2508 se
854 2451 970 2518 habere,
987 2448 1046 2505 ideo·

120 2553 172 2606 que
191 2534 297 2590 nullum
310 2535 461 2607 perieulum
475 2538 626 2590 metuentes
638 2531 685 2587 sed
698 2531 732 2587 ad
745 2531 837 2588 omnia
850 2533 955 2604 parati,
973 2530 1045 2603 igno·

121 2631 272 2688 aquamque
290 2618 471 2672 contemnunt
488 2619 516 2670 et
534 2615 574 2670 ita
592 2611 782 2669 miserabiliter
800 2616 924 2685 pereunt.
