2354 3412
574 111 612 167 74

120 274 252 329 uitionem
263 272 322 327 dari
333 289 387 326 non
397 290 484 344 posse.
499 272 563 345 quia
576 273 653 328 nulia
666 272 788 329 definitio
799 273 961 344 (seeundum
972 288 1059 329 eorum

117 353 288 424 opinionem)
308 371 366 407 esse
384 359 474 424 potest
492 354 545 408 nisi
564 355 671 423 generis
690 359 717 407 et
733 354 848 425 speciei:
869 357 897 407 et
914 370 975 408 eum
989 354 1061 409 Deus

120 452 175 488 non
204 434 241 488 sit
269 432 386 503 elieujuu
404 433 511 504 generis
530 434 630 495 torma.
661 437 733 488 reete
752 433 795 488 vel
815 433 937 504 legitime
956 433 1061 489 definiri

120 513 223 584 nequit.
260 512 385 569 Secundo
411 512 523 575 dieunt,
553 512 641 568 Deum
670 514 777 569 definiri
806 531 859 568 non
876 531 969 584 posse,
1001 513 1064 586 quia

117 592 244 648 definitio
262 610 318 647 rem
338 593 410 647 nude
429 598 456 646 et
475 592 633 647 affirmative
645 593 797 647 describere
810 592 907 658 debet,
927 598 955 648 et
971 611 1065 650 seeun-

117 673 183 727 dum
204 690 294 727 eorum
315 673 478 727 sententiam
497 673 531 726 de
549 671 608 726 Deo
627 671 695 727 nihil
709 671 867 728 affirmative
880 673 927 727 aed
940 675 1066 746 negative

117 756 227 807 tantum
255 753 324 807 seire
349 769 507 824 possumus,
541 769 624 824 quere
653 752 704 807 Dei
723 753 847 808 definitio
866 752 989 824 legitima
1006 752 1066 809 dari

119 832 223 904 nequit.

154 1073 300 1127 Praeterea
318 1071 352 1127 ab
371 1072 406 1126 iis
424 1071 516 1128 adhue
535 1072 653 1136 dieitur,
682 1073 770 1128 Deum
790 1092 806 1128 a
824 1074 908 1146 priori
926 1094 1065 1149 nunquam

117 1152 301 1207 demonstrari
333 1169 426 1222 posse,
456 1152 520 1222 quie
547 1171 656 1209 eausam
677 1152 847 1218 nonhabet,
869 1156 915 1210 sed
934 1157 1066 1211 verisimi-

120 1232 184 1287 liter
203 1236 312 1287 tuntum
331 1231 373 1284 vel
394 1248 441 1302 per
459 1231 571 1287 effeetus
591 1233 658 1304 ejus.

155 1391 248 1446 Hacee
276 1406 368 1444 eorum
397 1407 443 1443 ιιιι
446 1390 533 1445 tentia
552 1391 637 1462 igitur
656 1391 734 1446 nobis
753 1392 821 1446 satis
839 1393 1015 1465 nonerunt,
1039 1411 1066 1448 ιι

119 1488 229 1561 parvam
249 1474 276 1524 et
294 1486 409 1540 paucam
428 1469 479 1524 Dei
498 1470 681 1542 cognitionem
701 1472 814 1535 habere.
835 1489 918 1544 quare
931 1473 960 1527 in
973 1490 1065 1528 eornm

116 1550 174 1621 jum
192 1548 362 1623 inquiramus
382 1549 582 1606 definitionem:

155 1707 191 1762 nt
222 1709 307 1778 primo
326 1706 435 1778 quidem
454 1726 509 1762 non
528 1709 652 1764 videmus
671 1727 717 1764 eos
737 1710 815 1765 nobis
833 1709 966 1782 quaedam
985 1710 1064 1764 attri-

119 1789 186 1842 buta
205 1788 246 1842 vel
267 1788 446 1858 proprietates
465 1788 545 1853 dure,
566 1807 613 1860 per
626 1807 695 1861 quae
709 1808 750 1844 ιιι
765 1790 795 1856 (i.
811 1808 834 1842 ι.
851 1790 939 1860 Deua)
953 1806 1067 1860 eognos-

119 1870 207 1932 eitur‚
227 1868 273 1922 sed
295 1874 400 1922 tantum
420 1870 553 1938 quaedam
572 1871 596 1924 ei
614 1869 737 1941 propria,
758 1887 826 1940 quae
840 1869 948 1941 quidem
962 1870 996 1923 ad
1012 1887 1066 1924 rem

117 1947 237 2020 aliquam
266 1948 403 2019 pertinent
423 1966 560 2020 nunquam
583 1966 647 2003 vero
666 1947 804 2019 explicant
823 1948 888 2020 quid
909 1966 1004 2003 revera
1024 1949 1067 2006 ait.

118 2028 179 2084 Etsi
198 2028 270 2083 enim
290 2046 337 2098 per
356 2045 383 2082 ιι
402 2030 533 2092 existere,
563 2047 672 2084 eausam
691 2046 750 2083 esse
768 2030 904 2091 omnium,
931 2045 1066 2083 summum

119 2111 221 2166 bonum
230 2149 239 2175 ‚
258 2115 414 2173 aeternum,
430 2109 643 2171 immutabilem,
658 2113 711 2162 ete.
734 2109 794 2163 Deo
806 2113 912 2163 tentum
926 2110 1066 2180 proprium

118 2192 171 2250 eit.
202 2208 256 2245 non
285 2194 376 2244 tamen
406 2188 480 2244 hisee
509 2189 721 2260 proprietatibus
749 2189 817 2244 seire
837 2206 981 2259 possumus
1000 2187 1066 2260 quid

121 2289 169 2326 ens
188 2269 258 2325 illud
278 2271 330 2333 sit,
351 2274 379 2324 et
397 2286 530 2342 quaenam
548 2267 682 2323 attribute
702 2268 799 2324 habeat
817 2269 851 2323 ad
871 2286 940 2340 quae
957 2269 1066 2341 propria

118 2351 167 2407 illa
186 2351 350 2423 pertineant.

152 2511 270 2582 Tempus
288 2510 370 2564 etiam
388 2509 441 2564 erit
459 2505 661 2577 contemplandi
680 2524 723 2561 ιιι
741 2523 809 2578 quas
828 2506 886 2562 Deo
907 2506 1066 2564 attribuunt

117 2607 241 2663 quaeque
260 2592 351 2644 temen
371 2589 404 2643 ad
427 2606 488 2642 eum
508 2605 561 2643 non
581 2588 720 2659 pertinent
733 2589 771 2655 ¹),
792 2588 833 2641 uti
846 2585 917 2659 quod
931 2585 969 2641 sit
981 2588 1066 2644 omni·

117 2670 221 2737 ueiens,
253 2670 376 2741 septena,
407 2668 591 2734 miratione,-
606 2671 674 2731 ete.;
703 2685 848 2739 quaeres,
878 2666 979 2739 quippe
998 2667 1067 2724 certi

147 2933 172 2992 1)
196 2932 302 2993 Intellige
317 2947 366 2980 eum
383 2933 470 2981 ratione
485 2930 584 2979 omnium
600 2944 657 2990 quae
672 2934 706 2976 eat
714 2965 721 2988 ,
737 2929 773 2977 rel
785 2929 883 2976 omnium
892 2928 1066 2989 attributorum

123 3003 176 3052 vide
190 3019 242 3065 pag.
257 3004 430 3064 praecedentem.
