2354 3412
654 50 692 107 50

201 217 257 277 eat,
279 211 325 284 qni
344 229 378 266 ex
396 227 428 265 eo
446 210 480 265 ad
499 211 575 266 aliud
588 227 686 282 corpus
698 210 807 266 transit.
829 211 874 267 Ad
886 211 939 268 Dei
951 217 1043 268 autem
1057 213 1086 268 in
1098 230 1123 268 nr

204 292 244 348 bis
271 293 361 347 ideam
388 290 590 362 producendam
612 288 688 343 nulla
707 289 761 344 alia
780 308 823 345 res
841 290 990 362 singularis
1009 292 1123 365 exigitur

201 389 270 444 quae
289 370 389 425 hebeat
406 371 478 442 quod
498 371 527 425 in
547 369 626 425 nobis
644 369 818 440 producitur;
840 370 886 425 sed
899 371 954 426 tale
968 376 1077 427 tantum
1089 389 1123 429 co}

201 467 253 521 pua
270 451 299 505 in
318 456 431 513 natura,
453 449 532 520 cujus
551 448 612 503 idea
630 465 698 520 opus
717 454 758 503 eat
777 449 809 504 ad
830 449 919 504 Deum
935 451 1092 507 immediate
1104 471 1123 508 o

201 531 384 593 tendendum:
416 529 488 603 quod
516 529 598 584 etiam
626 545 660 582 ex
686 528 769 584 dictis
797 529 864 584 meis
890 530 1023 586 deducere
1052 535 1123 603 poter

201 627 262 666 cnm
283 611 413 675 dixerim,
434 611 523 665 Deum
541 613 648 664 tantum
668 627 700 663 ex
720 627 748 664 ae
767 627 817 665 nec
836 609 891 664 alia
909 611 1025 683 quadam
1043 629 1071 666 re
1084 629 1123 686 cop

202 693 286 748 nosci.
307 694 370 750 Hoc
387 697 478 747 autem
491 691 543 747 tibi
556 691 617 746 dico
631 706 695 753 noe,
715 689 845 761 quamdiu
855 690 943 745 ideam
958 691 1010 746 Dei
1021 696 1078 747 tam
1091 691 1123 747 di

200 772 314 827 tinctam
333 791 387 827 non
410 772 555 834 habemns,
575 789 643 842 quae
662 787 712 824 nos
730 788 762 825 aa
780 772 885 825 ratione
904 788 966 826 cnm
985 791 1017 827 eo
1032 773 1123 844 conjnr

200 856 262 924 gat,
284 856 315 907 ut
334 870 388 907 non
408 853 480 907 sinat
499 869 547 906 nos
565 850 646 906 aliam
666 867 721 903 rem
740 855 847 922 praeter
864 851 954 906 Deum
969 870 1077 917 amare,
1096 871 1123 909 nu

200 932 255 988 dici
276 950 329 986 non
348 949 427 1003 pouse
445 948 507 985 rere
526 947 588 986 cum
608 929 666 983 Deo
684 930 846 1000 conjunctos
865 949 939 995 esse,
961 937 990 986 at
1002 933 1042 988 sic
1055 933 1123 989 imm

199 1012 274 1066 dicte
292 1012 326 1067 eb
345 1028 377 1065 eo
396 1010 522 1083 pendere.
556 1010 638 1070 Quod
656 1009 710 1079 jam
729 1009 811 1065 adid
830 1012 945 1077 attinet,
965 1014 1038 1084 quod
1057 1013 1123 1068 adhr

200 1108 294 1163 rogare
312 1108 421 1163 posses,
440 1089 495 1144 alio
514 1089 565 1144 hoc
583 1090 630 1144 fiat
648 1093 782 1159 tempore,
802 1106 863 1144 com
882 1090 912 1147 in
930 1093 1085 1161 praesentia
1100 1110 1123 1165 ⁰1

201 1171 355 1242 portunitas
370 1169 428 1240 jam
446 1169 482 1224 ad
500 1167 576 1224 atiud
595 1167 661 1240 quid
680 1187 722 1223 me
740 1169 849 1224 invitet.

236 1568 282 1621 Er.
320 1567 375 1622 Pro
393 1572 513 1637 tempore
537 1563 605 1619 nihil
623 1563 740 1634 amplius
758 1564 861 1631 habeo,
890 1566 919 1622 in
938 1583 969 1620 eo
989 1584 1054 1622 vero
1072 1585 1122 1642 qur

200 1645 338 1717 hucusque
355 1645 420 1700 mihi
434 1644 543 1709 dixisti,
564 1662 606 1698 me
618 1643 756 1715 occupabo
769 1645 803 1699 ad
818 1645 973 1701 ulteriorem
987 1654 1116 1719 opportur

199 1730 298 1790 tatem,
320 1725 379 1780 Deo
398 1727 502 1780 interea
520 1729 547 1778 te
566 1723 765 1779 commendans.

509 2038 634 2094 carun
652 2038 834 2115 nennium.

452 2214 536 2253 DEUM
554 2213 673 2253 ortuum
690 2214 806 2254 GAUSAM
825 2215 898 2256 ESSE.

235 2361 324 2432 Agere
340 2358 396 2430 jam
416 2357 577 2429 incipiemus
596 2358 629 2411 dc
642 2358 676 2413 iia
689 2358 741 2413 Dei
754 2359 909 2423 attributis,
931 2377 1000 2431 quae
1013 2379 1067 2433 pror

199 2441 371 2500 vocavimus.
391 2442 418 2493 et
437 2438 554 2510 primum
572 2437 682 2509 quidem
700 2438 788 2493 Deum
807 2456 865 2494 ease
884 2441 1005 2496 omnium
1025 2459 1062 2497 ca

235 2676 258 2731 l)
280 2671 398 2734 Sequentia
422 2668 513 2732 propria
528 2667 648 2725 dicuntur,
672 2669 724 2732 quia
741 2668 797 2716 nihil
813 2668 874 2717 aliud
889 2676 942 2718 sunt
958 2687 1046 2734 quaint

196 2761 254 2812 qnae
277 2743 364 2806 concipi
387 2748 500 2808 nequeunt
525 2742 573 2790 sinc
594 2739 739 2789 substantivis
763 2740 808 2788 ania
832 2740 848 2788 i.
863 2757 883 2788 e.
898 2741 961 2788 Dona
977 2741 1027 2789 aine

197 2832 243 2864 non
266 2822 336 2873 earet,
360 2830 401 2862 nec
423 2821 498 2862 tamen
521 2828 560 2875 per
584 2813 623 2860 illa
647 2812 709 2858 Deua
724 2816 769 2869 eat,
793 2826 844 2858 nam
860 2811 916 2858 nihil
932 2811 1036 2860 anhntant

196 2886 256 2952 qnod
271 2885 343 2934 aolnnr
358 2885 421 2934 Deua
436 2885 527 2944 existit,
543 2885 678 2946 significant.
