<?xml version="1.0" encoding="UTF-8"?>
<!DOCTYPE html PUBLIC "-//W3C//DTD XHTML 1.0 Transitional//EN"
    "http://www.w3.org/TR/xhtml1/DTD/xhtml1-transitional.dtd">
<html xmlns="http://www.w3.org/1999/xhtml" xml:lang="en" lang="en">
 <head>
  <title>
</title>
<meta http-equiv="Content-Type" content="text/html;charset=utf-8" />
  <meta name='ocr-system' content='tesseract 3.04.00' />
  <meta name='ocr-capabilities' content='ocr_page ocr_carea ocr_par ocr_line ocrx_word'/>
</head>
<body>
  <div class='ocr_page' id='page_1' title='image "adbenedictidesp00spingoog_0036.png"; bbox 0 0 2354 3412; ppageno 0'>
   <div class='ocr_carea' id='block_1_1' title="bbox 566 100 606 158">
    <p class='ocr_par' dir='ltr' id='par_1_1' title="bbox 566 100 606 158">
     <span class='ocr_line' id='line_1_1' title="bbox 566 100 606 158; baseline 0.025 -1"><span class='ocrx_word' id='word_1_1' title='bbox 566 100 606 158; x_wconf 79' lang='lat'><strong>24</strong></span> 
     </span>
    </p>
   </div>
   <div class='ocr_carea' id='block_1_2' title="bbox 111 259 1061 1767">
    <p class='ocr_par' dir='ltr' id='par_1_2' title="bbox 112 259 1059 491">
     <span class='ocr_line' id='line_1_2' title="bbox 148 259 1058 335; baseline 0.005 -21"><span class='ocrx_word' id='word_1_2' title='bbox 148 259 177 314; x_wconf 89' lang='lat' dir='ltr'><strong>Si</strong></span> <span class='ocrx_word' id='word_1_3' title='bbox 204 260 279 315; x_wconf 88' lang='lat' dir='ltr'><strong>Dens</strong></span> <span class='ocrx_word' id='word_1_4' title='bbox 307 261 398 315; x_wconf 87' lang='lat' dir='ltr'><strong>omnia</strong></span> <span class='ocrx_word' id='word_1_5' title='bbox 427 261 530 317; x_wconf 84' lang='lat' dir='ltr'><strong>creavit</strong></span> <span class='ocrx_word' id='word_1_6' title='bbox 549 279 603 316; x_wconf 92' lang='lat' dir='ltr'><strong>non</strong></span> <span class='ocrx_word' id='word_1_7' title='bbox 623 262 740 335; x_wconf 88' lang='lat' dir='ltr'><strong>amplius</strong></span> <span class='ocrx_word' id='word_1_8' title='bbox 758 279 849 319; x_wconf 87' lang='lat' dir='ltr'><strong>creare</strong></span> <span class='ocrx_word' id='word_1_9' title='bbox 868 267 969 334; x_wconf 85' lang='lat' dir='ltr'><strong>posset.</strong></span> <span class='ocrx_word' id='word_1_10' title='bbox 1005 263 1058 320; x_wconf 82' lang='lat' dir='ltr'><strong>Sed</strong></span> 
     </span>
     <span class='ocr_line' id='line_1_3' title="bbox 112 341 1059 414; baseline 0.005 -21"><span class='ocrx_word' id='word_1_11' title='bbox 112 341 185 413; x_wconf 92' lang='lat' dir='ltr'><strong>quod</strong></span> <span class='ocrx_word' id='word_1_12' title='bbox 212 359 267 396; x_wconf 91' lang='lat' dir='ltr'><strong>non</strong></span> <span class='ocrx_word' id='word_1_13' title='bbox 295 341 413 413; x_wconf 89' lang='lat' dir='ltr'><strong>amplius</strong></span> <span class='ocrx_word' id='word_1_14' title='bbox 440 360 531 398; x_wconf 87' lang='lat' dir='ltr'><strong>creare</strong></span> <span class='ocrx_word' id='word_1_15' title='bbox 554 347 657 414; x_wconf 86' lang='lat' dir='ltr'><strong>posset,</strong></span> <span class='ocrx_word' id='word_1_16' title='bbox 690 347 795 414; x_wconf 78' lang='lat' dir='ltr'><strong>pugnat</strong></span> <span class='ocrx_word' id='word_1_17' title='bbox 813 360 874 398; x_wconf 87' lang='lat' dir='ltr'><strong>cunr</strong></span> <span class='ocrx_word' id='word_1_18' title='bbox 894 344 954 414; x_wconf 88' lang='lat' dir='ltr'><strong>ejus</strong></span> <span class='ocrx_word' id='word_1_19' title='bbox 972 346 1059 399; x_wconf 92' lang='lat' dir='ltr'><strong>omni·</strong></span> 
     </span>
     <span class='ocr_line' id='line_1_4' title="bbox 112 421 384 491; baseline 0.004 -17"><span class='ocrx_word' id='word_1_20' title='bbox 112 421 250 490; x_wconf 88' lang='lat' dir='ltr'><strong>potentia;</strong></span> <span class='ocrx_word' id='word_1_21' title='bbox 271 439 330 491; x_wconf 73' lang='lat' dir='ltr'><strong>erpo</strong></span> <span class='ocrx_word' id='word_1_22' title='bbox 348 451 384 461; x_wconf 92' lang='lat'>-</span> 
     </span>
    </p>

    <p class='ocr_par' dir='ltr' id='par_1_3' title="bbox 111 499 1061 1767">
     <span class='ocr_line' id='line_1_5' title="bbox 147 499 1059 573; baseline 0.002 -19"><span class='ocrx_word' id='word_1_23' title='bbox 147 499 230 559; x_wconf 76' lang='lat' dir='ltr'><strong>Quod</strong></span> <span class='ocrx_word' id='word_1_24' title='bbox 249 500 283 555; x_wconf 88' lang='lat' dir='ltr'><strong>ad</strong></span> <span class='ocrx_word' id='word_1_25' title='bbox 302 501 435 572; x_wconf 89' lang='lat' dir='ltr'><strong>primum,</strong></span> <span class='ocrx_word' id='word_1_26' title='bbox 457 503 631 557; x_wconf 79' lang='lat' dir='ltr'><strong>concedimus</strong></span> <span class='ocrx_word' id='word_1_27' title='bbox 649 503 737 557; x_wconf 92' lang='lat' dir='ltr'><strong>Deum</strong></span> <span class='ocrx_word' id='word_1_28' title='bbox 757 519 812 556; x_wconf 92' lang='lat' dir='ltr'><strong>non</strong></span> <span class='ocrx_word' id='word_1_29' title='bbox 831 501 948 573; x_wconf 88' lang='lat' dir='ltr'><strong>amplius</strong></span> <span class='ocrx_word' id='word_1_30' title='bbox 967 520 1059 558; x_wconf 86' lang='lat' dir='ltr'><strong>creare</strong></span> 
     </span>
     <span class='ocr_line' id='line_1_6' title="bbox 112 580 1061 652; baseline 0.003 -18"><span class='ocrx_word' id='word_1_31' title='bbox 112 595 205 651; x_wconf 87' lang='lat' dir='ltr'><strong>posse,</strong></span> <span class='ocrx_word' id='word_1_32' title='bbox 225 585 253 636; x_wconf 89' lang='lat' dir='ltr'><strong>et</strong></span> <span class='ocrx_word' id='word_1_33' title='bbox 271 580 344 652; x_wconf 93' lang='lat' dir='ltr'><strong>quod</strong></span> <span class='ocrx_word' id='word_1_34' title='bbox 356 581 390 634; x_wconf 89' lang='lat' dir='ltr'><strong>ad</strong></span> <span class='ocrx_word' id='word_1_35' title='bbox 404 581 553 636; x_wconf 88' lang='lat' dir='ltr'><strong>secundum</strong></span> <span class='ocrx_word' id='word_1_36' title='bbox 566 580 682 636; x_wconf 79' lang='lat' dir='ltr'><strong>dicimus</strong></span> <span class='ocrx_word' id='word_1_37' title='bbox 695 599 744 636; x_wconf 88' lang='lat' dir='ltr'><strong>nos</strong></span> <span class='ocrx_word' id='word_1_38' title='bbox 757 582 897 645; x_wconf 88' lang='lat' dir='ltr'><strong>confiteri,</strong></span> <span class='ocrx_word' id='word_1_39' title='bbox 918 583 971 637; x_wconf 88' lang='lat' dir='ltr'><strong>nisi</strong></span> <span class='ocrx_word' id='word_1_40' title='bbox 983 581 1061 637; x_wconf 90' lang='lat' dir='ltr'><strong>Deus</strong></span> 
     </span>
     <span class='ocr_line' id='line_1_7' title="bbox 113 660 1060 732; baseline 0.003 -18"><span class='ocrx_word' id='word_1_41' title='bbox 113 678 192 714; x_wconf 89' lang='lat' dir='ltr'><strong>omne</strong></span> <span class='ocrx_word' id='word_1_42' title='bbox 211 677 302 715; x_wconf 84' lang='lat' dir='ltr'><strong>creare</strong></span> <span class='ocrx_word' id='word_1_43' title='bbox 320 665 412 732; x_wconf 86' lang='lat' dir='ltr'><strong>posset</strong></span> <span class='ocrx_word' id='word_1_44' title='bbox 430 660 502 732; x_wconf 93' lang='lat' dir='ltr'><strong>quod</strong></span> <span class='ocrx_word' id='word_1_45' title='bbox 522 660 639 715; x_wconf 77' lang='lat' dir='ltr'><strong>creabile</strong></span> <span class='ocrx_word' id='word_1_46' title='bbox 658 666 714 725; x_wconf 88' lang='lat' dir='ltr'><strong>est,</strong></span> <span class='ocrx_word' id='word_1_47' title='bbox 744 661 794 717; x_wconf 92' lang='lat' dir='ltr'><strong>hoo</strong></span> <span class='ocrx_word' id='word_1_48' title='bbox 813 678 875 717; x_wconf 92' lang='lat' dir='ltr'><strong>cum</strong></span> <span class='ocrx_word' id='word_1_49' title='bbox 894 660 954 731; x_wconf 88' lang='lat' dir='ltr'><strong>ejus</strong></span> <span class='ocrx_word' id='word_1_50' title='bbox 972 664 1060 717; x_wconf 91' lang='lat' dir='ltr'><strong>omni·</strong></span> 
     </span>
     <span class='ocr_line' id='line_1_8' title="bbox 112 740 1060 814; baseline 0.004 -21"><span class='ocrx_word' id='word_1_51' title='bbox 112 741 234 810; x_wconf 85' lang='lat' dir='ltr'><strong>potantia</strong></span> <span class='ocrx_word' id='word_1_52' title='bbox 254 756 374 811; x_wconf 85' lang='lat' dir='ltr'><strong>pugnare</strong></span> <span class='ocrx_word' id='word_1_53' title='bbox 382 778 391 804; x_wconf 96' lang='lat'><strong>,</strong></span> <span class='ocrx_word' id='word_1_54' title='bbox 412 740 459 794; x_wconf 88' lang='lat' dir='ltr'><strong>sed</strong></span> <span class='ocrx_word' id='word_1_55' title='bbox 479 740 555 795; x_wconf 84' lang='lat' dir='ltr'><strong>nulio</strong></span> <span class='ocrx_word' id='word_1_56' title='bbox 568 741 648 795; x_wconf 92' lang='lat' dir='ltr'><strong>modo</strong></span> <span class='ocrx_word' id='word_1_57' title='bbox 660 742 683 796; x_wconf 88' lang='lat' dir='ltr'><strong>si</strong></span> <span class='ocrx_word' id='word_1_58' title='bbox 698 741 766 796; x_wconf 88' lang='lat' dir='ltr'><strong>nihil</strong></span> <span class='ocrx_word' id='word_1_59' title='bbox 780 747 871 813; x_wconf 87' lang='lat' dir='ltr'><strong>posset</strong></span> <span class='ocrx_word' id='word_1_60' title='bbox 881 759 974 797; x_wconf 84' lang='lat' dir='ltr'><strong>creare</strong></span> <span class='ocrx_word' id='word_1_61' title='bbox 987 743 1060 814; x_wconf 91' lang='lat' dir='ltr'><strong>quod</strong></span> 
     </span>
     <span class='ocr_line' id='line_1_9' title="bbox 112 821 1061 894; baseline 0.001 -18"><span class='ocrx_word' id='word_1_62' title='bbox 112 822 164 876; x_wconf 88' lang='lat' dir='ltr'><strong>sibi</strong></span> <span class='ocrx_word' id='word_1_63' title='bbox 192 822 371 887; x_wconf 81' lang='lat' dir='ltr'><strong>contradicit,</strong></span> <span class='ocrx_word' id='word_1_64' title='bbox 401 822 441 876; x_wconf 92' lang='lat' dir='ltr'><strong>uti</strong></span> <span class='ocrx_word' id='word_1_65' title='bbox 461 821 550 876; x_wconf 84' lang='lat' dir='ltr'><strong>dicare</strong></span> <span class='ocrx_word' id='word_1_66' title='bbox 569 823 641 894; x_wconf 92' lang='lat' dir='ltr'><strong>quod</strong></span> <span class='ocrx_word' id='word_1_67' title='bbox 661 823 751 877; x_wconf 88' lang='lat' dir='ltr'><strong>omnia</strong></span> <span class='ocrx_word' id='word_1_68' title='bbox 770 823 903 877; x_wconf 88' lang='lat' dir='ltr'><strong>creaverit</strong></span> <span class='ocrx_word' id='word_1_69' title='bbox 921 829 950 877; x_wconf 91' lang='lat' dir='ltr'><strong>et</strong></span> <span class='ocrx_word' id='word_1_70' title='bbox 969 826 1061 877; x_wconf 82' lang='lat' dir='ltr'><strong>tamon</strong></span> 
     </span>
     <span class='ocr_line' id='line_1_10' title="bbox 111 901 1060 974; baseline 0.001 -19"><span class='ocrx_word' id='word_1_71' title='bbox 111 901 190 974; x_wconf 88' lang='lat' dir='ltr'><strong>plura</strong></span> <span class='ocrx_word' id='word_1_72' title='bbox 218 902 300 956; x_wconf 84' lang='lat' dir='ltr'><strong>etiam</strong></span> <span class='ocrx_word' id='word_1_73' title='bbox 320 918 411 957; x_wconf 87' lang='lat' dir='ltr'><strong>creare</strong></span> <span class='ocrx_word' id='word_1_74' title='bbox 429 903 529 973; x_wconf 88' lang='lat' dir='ltr'><strong>posset.</strong></span> <span class='ocrx_word' id='word_1_75' title='bbox 569 901 650 957; x_wconf 82' lang='lat' dir='ltr'><strong>Certo</strong></span> <span class='ocrx_word' id='word_1_76' title='bbox 670 902 756 957; x_wconf 86' lang='lat' dir='ltr'><strong>multo</strong></span> <span class='ocrx_word' id='word_1_77' title='bbox 775 901 861 971; x_wconf 87' lang='lat' dir='ltr'><strong>major</strong></span> <span class='ocrx_word' id='word_1_78' title='bbox 880 903 1012 973; x_wconf 77' lang='lat' dir='ltr'><strong>perfectio</strong></span> <span class='ocrx_word' id='word_1_79' title='bbox 1030 903 1060 957; x_wconf 87' lang='lat' dir='ltr'><strong>ia</strong></span> 
     </span>
     <span class='ocr_line' id='line_1_11' title="bbox 113 979 1059 1054; baseline -0.001 -17"><span class='ocrx_word' id='word_1_80' title='bbox 113 983 172 1037; x_wconf 91' lang='lat' dir='ltr'><strong>Deo</strong></span> <span class='ocrx_word' id='word_1_81' title='bbox 191 986 233 1036; x_wconf 90' lang='lat' dir='ltr'><strong>est</strong></span> <span class='ocrx_word' id='word_1_82' title='bbox 241 1021 250 1047; x_wconf 99' lang='lat'><strong>,</strong></span> <span class='ocrx_word' id='word_1_83' title='bbox 271 981 343 1054; x_wconf 90' lang='lat' dir='ltr'><strong>quod</strong></span> <span class='ocrx_word' id='word_1_84' title='bbox 363 982 454 1036; x_wconf 89' lang='lat' dir='ltr'><strong>omnia</strong></span> <span class='ocrx_word' id='word_1_85' title='bbox 472 997 542 1051; x_wconf 85' lang='lat' dir='ltr'><strong>quaa</strong></span> <span class='ocrx_word' id='word_1_86' title='bbox 554 979 583 1034; x_wconf 92' lang='lat' dir='ltr'><strong>in</strong></span> <span class='ocrx_word' id='word_1_87' title='bbox 596 981 740 1037; x_wconf 85' lang='lat' dir='ltr'><strong>intellectu</strong></span> <span class='ocrx_word' id='word_1_88' title='bbox 754 999 803 1036; x_wconf 90' lang='lat' dir='ltr'><strong>suo</strong></span> <span class='ocrx_word' id='word_1_89' title='bbox 816 983 924 1037; x_wconf 89' lang='lat' dir='ltr'><strong>infinito</strong></span> <span class='ocrx_word' id='word_1_90' title='bbox 938 982 1059 1042; x_wconf 82' lang='lat' dir='ltr'><strong>fuerint.</strong></span> 
     </span>
     <span class='ocr_line' id='line_1_12' title="bbox 112 1060 1060 1133; baseline -0.003 -16"><span class='ocrx_word' id='word_1_91' title='bbox 112 1062 261 1126; x_wconf 88' lang='lat' dir='ltr'><strong>creaverit,</strong></span> <span class='ocrx_word' id='word_1_92' title='bbox 281 1079 362 1133; x_wconf 91' lang='lat' dir='ltr'><strong>qnam</strong></span> <span class='ocrx_word' id='word_1_93' title='bbox 381 1078 436 1115; x_wconf 90' lang='lat' dir='ltr'><strong>non</strong></span> <span class='ocrx_word' id='word_1_94' title='bbox 455 1061 604 1125; x_wconf 84' lang='lat' dir='ltr'><strong>creaverit,</strong></span> <span class='ocrx_word' id='word_1_95' title='bbox 624 1064 668 1115; x_wconf 91' lang='lat' dir='ltr'><strong>vel</strong></span> <span class='ocrx_word' id='word_1_96' title='bbox 687 1078 826 1133; x_wconf 90' lang='lat' dir='ltr'><strong>nunquam</strong></span> <span class='ocrx_word' id='word_1_97' title='bbox 845 1078 936 1116; x_wconf 90' lang='lat' dir='ltr'><strong>creare</strong></span> <span class='ocrx_word' id='word_1_98' title='bbox 955 1060 1060 1132; x_wconf 88' lang='lat' dir='ltr'><strong>potuis·</strong></span> 
     </span>
     <span class='ocr_line' id='line_1_13' title="bbox 114 1140 1059 1212; baseline -0.002 -16"><span class='ocrx_word' id='word_1_99' title='bbox 114 1145 163 1199; x_wconf 89' lang='lat' dir='ltr'><strong>set.</strong></span> <span class='ocrx_word' id='word_1_100' title='bbox 182 1143 238 1197; x_wconf 86' lang='lat' dir='ltr'><strong>Cur</strong></span> <span class='ocrx_word' id='word_1_101' title='bbox 248 1146 339 1196; x_wconf 89' lang='lat' dir='ltr'><strong>autem</strong></span> <span class='ocrx_word' id='word_1_102' title='bbox 350 1145 392 1196; x_wconf 88' lang='lat' dir='ltr'><strong>tot</strong></span> <span class='ocrx_word' id='word_1_103' title='bbox 405 1141 454 1195; x_wconf 89' lang='lat' dir='ltr'><strong>hac</strong></span> <span class='ocrx_word' id='word_1_104' title='bbox 467 1141 501 1194; x_wconf 93' lang='lat' dir='ltr'><strong>de</strong></span> <span class='ocrx_word' id='word_1_105' title='bbox 513 1144 560 1194; x_wconf 78' lang='lat' dir='ltr'><strong>re?</strong></span> <span class='ocrx_word' id='word_1_106' title='bbox 578 1140 676 1195; x_wconf 89' lang='lat' dir='ltr'><strong>Nonne</strong></span> <span class='ocrx_word' id='word_1_107' title='bbox 690 1159 723 1197; x_wconf 85' lang='lat' dir='ltr'><strong>ex</strong></span> <span class='ocrx_word' id='word_1_108' title='bbox 735 1141 787 1195; x_wconf 87' lang='lat' dir='ltr'><strong>Dei</strong></span> <span class='ocrx_word' id='word_1_109' title='bbox 801 1141 992 1196; x_wconf 87' lang='lat' dir='ltr'><strong>omniscientia</strong></span> <span class='ocrx_word' id='word_1_110' title='bbox 1005 1141 1059 1212; x_wconf 90' lang='lat' dir='ltr'><strong>ipsi</strong></span> 
     </span>
     <span class='ocr_line' id='line_1_14' title="bbox 113 1218 1058 1293; baseline -0.001 -18"><span class='ocrx_word' id='word_1_111' title='bbox 113 1222 152 1277; x_wconf 89' lang='lat' dir='ltr'><strong>sic</strong></span> <span class='ocrx_word' id='word_1_112' title='bbox 170 1225 360 1293; x_wconf 83' lang='lat' dir='ltr'><strong>argumentare</strong></span> <span class='ocrx_word' id='word_1_113' title='bbox 379 1220 493 1275; x_wconf 88' lang='lat' dir='ltr'><strong>debent:</strong></span> <span class='ocrx_word' id='word_1_114' title='bbox 533 1218 562 1273; x_wconf 85' lang='lat' dir='ltr'><strong>Si</strong></span> <span class='ocrx_word' id='word_1_115' title='bbox 581 1221 656 1277; x_wconf 89' lang='lat' dir='ltr'><strong>Deua</strong></span> <span class='ocrx_word' id='word_1_116' title='bbox 676 1227 717 1277; x_wconf 92' lang='lat' dir='ltr'><strong>est</strong></span> <span class='ocrx_word' id='word_1_117' title='bbox 736 1221 919 1285; x_wconf 85' lang='lat' dir='ltr'><strong>omnisciens,</strong></span> <span class='ocrx_word' id='word_1_118' title='bbox 941 1219 980 1275; x_wconf 90' lang='lat' dir='ltr'><strong>nif</strong></span> <span class='ocrx_word' id='word_1_119' title='bbox 1001 1237 1058 1274; x_wconf 91' lang='lat' dir='ltr'><strong>am·</strong></span> 
     </span>
     <span class='ocr_line' id='line_1_15' title="bbox 111 1299 1060 1374; baseline -0.001 -20"><span class='ocrx_word' id='word_1_120' title='bbox 111 1301 185 1373; x_wconf 89' lang='lat' dir='ltr'><strong>plius</strong></span> <span class='ocrx_word' id='word_1_121' title='bbox 204 1301 272 1356; x_wconf 90' lang='lat' dir='ltr'><strong>scire</strong></span> <span class='ocrx_word' id='word_1_122' title='bbox 288 1305 393 1372; x_wconf 85' lang='lat' dir='ltr'><strong>potest;</strong></span> <span class='ocrx_word' id='word_1_123' title='bbox 415 1301 461 1355; x_wconf 87' lang='lat' dir='ltr'><strong>sed</strong></span> <span class='ocrx_word' id='word_1_124' title='bbox 474 1299 547 1372; x_wconf 91' lang='lat' dir='ltr'><strong>qnod</strong></span> <span class='ocrx_word' id='word_1_125' title='bbox 560 1301 635 1357; x_wconf 90' lang='lat' dir='ltr'><strong>Deus</strong></span> <span class='ocrx_word' id='word_1_126' title='bbox 650 1302 689 1358; x_wconf 89' lang='lat' dir='ltr'><strong>nil</strong></span> <span class='ocrx_word' id='word_1_127' title='bbox 702 1303 819 1374; x_wconf 84' lang='lat' dir='ltr'><strong>amplius</strong></span> <span class='ocrx_word' id='word_1_128' title='bbox 833 1302 929 1362; x_wconf 82' lang='lat' dir='ltr'><strong>sciret,</strong></span> <span class='ocrx_word' id='word_1_129' title='bbox 953 1305 1060 1371; x_wconf 85' lang='lat' dir='ltr'><strong>pugnat</strong></span> 
     </span>
     <span class='ocr_line' id='line_1_16' title="bbox 112 1379 1058 1452; baseline -0.003 -17"><span class='ocrx_word' id='word_1_130' title='bbox 112 1399 173 1435; x_wconf 91' lang='lat' dir='ltr'><strong>cum</strong></span> <span class='ocrx_word' id='word_1_131' title='bbox 202 1382 366 1452; x_wconf 81' lang='lat' dir='ltr'><strong>perfectione</strong></span> <span class='ocrx_word' id='word_1_132' title='bbox 394 1381 469 1451; x_wconf 83' lang='lat' dir='ltr'><strong>ejus:</strong></span> <span class='ocrx_word' id='word_1_133' title='bbox 498 1397 558 1451; x_wconf 71' lang='lat' dir='ltr'><strong>erqo</strong></span> <span class='ocrx_word' id='word_1_134' title='bbox 576 1411 612 1422; x_wconf 89' lang='lat'><em>-</em></span> <span class='ocrx_word' id='word_1_135' title='bbox 631 1381 659 1436; x_wconf 87' lang='lat' dir='ltr'><strong>Si</strong></span> <span class='ocrx_word' id='word_1_136' title='bbox 679 1399 742 1436; x_wconf 84' lang='lat' dir='ltr'><strong>vero</strong></span> <span class='ocrx_word' id='word_1_137' title='bbox 762 1381 838 1436; x_wconf 84' lang='lat' dir='ltr'><strong>Deus</strong></span> <span class='ocrx_word' id='word_1_138' title='bbox 857 1380 949 1434; x_wconf 90' lang='lat' dir='ltr'><strong>omnia</strong></span> <span class='ocrx_word' id='word_1_139' title='bbox 967 1379 997 1433; x_wconf 95' lang='lat' dir='ltr'><strong>in</strong></span> <span class='ocrx_word' id='word_1_140' title='bbox 1016 1379 1058 1433; x_wconf 89' lang='lat' dir='ltr'><strong>in·</strong></span> 
     </span>
     <span class='ocr_line' id='line_1_17' title="bbox 112 1459 1059 1530; baseline -0.001 -15"><span class='ocrx_word' id='word_1_141' title='bbox 112 1461 225 1516; x_wconf 86' lang='lat' dir='ltr'><strong>tellectu</strong></span> <span class='ocrx_word' id='word_1_142' title='bbox 245 1479 294 1516; x_wconf 88' lang='lat' dir='ltr'><strong>auo</strong></span> <span class='ocrx_word' id='word_1_143' title='bbox 312 1461 421 1516; x_wconf 89' lang='lat' dir='ltr'><strong>infinito</strong></span> <span class='ocrx_word' id='word_1_144' title='bbox 440 1460 537 1525; x_wconf 86' lang='lat' dir='ltr'><strong>habat,</strong></span> <span class='ocrx_word' id='word_1_145' title='bbox 558 1478 607 1516; x_wconf 90' lang='lat' dir='ltr'><strong>nec</strong></span> <span class='ocrx_word' id='word_1_146' title='bbox 626 1478 659 1515; x_wconf 85' lang='lat' dir='ltr'><strong>ex</strong></span> <span class='ocrx_word' id='word_1_147' title='bbox 673 1461 780 1516; x_wconf 87' lang='lat' dir='ltr'><strong>infinita</strong></span> <span class='ocrx_word' id='word_1_148' title='bbox 793 1460 853 1530; x_wconf 85' lang='lat' dir='ltr'><strong>ejus</strong></span> <span class='ocrx_word' id='word_1_149' title='bbox 866 1459 1059 1515; x_wconf 79' lang='lat' dir='ltr'><strong>omniscientis</strong></span> 
     </span>
     <span class='ocr_line' id='line_1_18' title="bbox 112 1540 1058 1612; baseline 0 -18"><span class='ocrx_word' id='word_1_150' title='bbox 112 1540 191 1610; x_wconf 90' lang='lat' dir='ltr'><strong>plura</strong></span> <span class='ocrx_word' id='word_1_151' title='bbox 218 1540 287 1595; x_wconf 90' lang='lat' dir='ltr'><strong>scire</strong></span> <span class='ocrx_word' id='word_1_152' title='bbox 315 1541 418 1612; x_wconf 83' lang='lat' dir='ltr'><strong>possit,</strong></span> <span class='ocrx_word' id='word_1_153' title='bbox 449 1557 498 1594; x_wconf 91' lang='lat' dir='ltr'><strong>our</strong></span> <span class='ocrx_word' id='word_1_154' title='bbox 525 1540 610 1610; x_wconf 88' lang='lat' dir='ltr'><strong>igitur</strong></span> <span class='ocrx_word' id='word_1_155' title='bbox 638 1540 727 1594; x_wconf 85' lang='lat' dir='ltr'><strong>dicere</strong></span> <span class='ocrx_word' id='word_1_156' title='bbox 747 1557 800 1594; x_wconf 91' lang='lat' dir='ltr'><strong>non</strong></span> <span class='ocrx_word' id='word_1_157' title='bbox 819 1557 964 1611; x_wconf 89' lang='lat' dir='ltr'><strong>possumus</strong></span> <span class='ocrx_word' id='word_1_158' title='bbox 983 1540 1058 1610; x_wconf 89' lang='lat' dir='ltr'><strong>quod</strong></span> 
     </span>
     <span class='ocr_line' id='line_1_19' title="bbox 111 1618 1056 1691; baseline 0 -18"><span class='ocrx_word' id='word_1_159' title='bbox 111 1621 193 1674; x_wconf 90' lang='lat' dir='ltr'><strong>etiam</strong></span> <span class='ocrx_word' id='word_1_160' title='bbox 212 1620 303 1675; x_wconf 91' lang='lat' dir='ltr'><strong>omnia</strong></span> <span class='ocrx_word' id='word_1_161' title='bbox 309 1658 318 1685; x_wconf 93' lang='lat'><strong>,</strong></span> <span class='ocrx_word' id='word_1_162' title='bbox 346 1621 463 1691; x_wconf 87' lang='lat' dir='ltr'><strong>quaein</strong></span> <span class='ocrx_word' id='word_1_163' title='bbox 482 1618 624 1674; x_wconf 82' lang='lat' dir='ltr'><strong>intellectu</strong></span> <span class='ocrx_word' id='word_1_164' title='bbox 644 1637 694 1674; x_wconf 91' lang='lat' dir='ltr'><strong>suo</strong></span> <span class='ocrx_word' id='word_1_165' title='bbox 714 1620 822 1682; x_wconf 84' lang='lat' dir='ltr'><strong>habuit,</strong></span> <span class='ocrx_word' id='word_1_166' title='bbox 847 1620 1010 1691; x_wconf 88' lang='lat' dir='ltr'><strong>produxerit</strong></span> <span class='ocrx_word' id='word_1_167' title='bbox 1028 1629 1056 1674; x_wconf 89' lang='lat' dir='ltr'><strong>et</strong></span> 
     </span>
     <span class='ocr_line' id='line_1_20' title="bbox 111 1694 939 1767; baseline 0 -12"><span class='ocrx_word' id='word_1_168' title='bbox 111 1701 242 1767; x_wconf 89' lang='lat' dir='ltr'><strong>effecerit,</strong></span> <span class='ocrx_word' id='word_1_169' title='bbox 266 1705 296 1757; x_wconf 91' lang='lat' dir='ltr'><strong>ut</strong></span> <span class='ocrx_word' id='word_1_170' title='bbox 314 1705 342 1757; x_wconf 94' lang='lat' dir='ltr'><strong>et</strong></span> <span class='ocrx_word' id='word_1_171' title='bbox 360 1703 389 1756; x_wconf 92' lang='lat' dir='ltr'><strong>in</strong></span> <span class='ocrx_word' id='word_1_172' title='bbox 409 1705 507 1756; x_wconf 89' lang='lat' dir='ltr'><strong>natura</strong></span> <span class='ocrx_word' id='word_1_173' title='bbox 524 1694 674 1755; x_wconf 86' lang='lat' dir='ltr'><strong>formaliter</strong></span> <span class='ocrx_word' id='word_1_174' title='bbox 692 1701 748 1756; x_wconf 91' lang='lat' dir='ltr'><strong>sint</strong></span> <span class='ocrx_word' id='word_1_175' title='bbox 767 1699 810 1754; x_wconf 88' lang='lat' dir='ltr'><strong>vel</strong></span> <span class='ocrx_word' id='word_1_176' title='bbox 830 1700 939 1755; x_wconf 85' lang='lat' dir='ltr'><strong>essent?</strong></span> 
     </span>
    </p>
   </div>
   <div class='ocr_carea' id='block_1_3' title="bbox 111 2172 1059 2568">
    <p class='ocr_par' dir='ltr' id='par_1_4' title="bbox 111 2172 1059 2568">
     <span class='ocr_line' id='line_1_21' title="bbox 147 2172 1058 2246; baseline -0.005 -15"><span class='ocrx_word' id='word_1_177' title='bbox 147 2175 222 2236; x_wconf 77' lang='lat' dir='ltr'><strong>Quia</strong></span> <span class='ocrx_word' id='word_1_178' title='bbox 249 2174 335 2246; x_wconf 87' lang='lat' dir='ltr'><strong>igitur</strong></span> <span class='ocrx_word' id='word_1_179' title='bbox 362 2175 462 2230; x_wconf 87' lang='lat' dir='ltr'><strong>scimus</strong></span> <span class='ocrx_word' id='word_1_180' title='bbox 491 2174 584 2231; x_wconf 88' lang='lat' dir='ltr'><strong>omnia</strong></span> <span class='ocrx_word' id='word_1_181' title='bbox 612 2175 693 2230; x_wconf 89' lang='lat' dir='ltr'><strong>simul</strong></span> <span class='ocrx_word' id='word_1_182' title='bbox 716 2191 773 2229; x_wconf 87' lang='lat' dir='ltr'><strong>esse</strong></span> <span class='ocrx_word' id='word_1_183' title='bbox 793 2174 822 2229; x_wconf 91' lang='lat' dir='ltr'><strong>in</strong></span> <span class='ocrx_word' id='word_1_184' title='bbox 840 2173 892 2227; x_wconf 87' lang='lat' dir='ltr'><strong>Dei</strong></span> <span class='ocrx_word' id='word_1_185' title='bbox 912 2172 1058 2228; x_wconf 88' lang='lat' dir='ltr'><strong>intellectu</strong></span> 
     </span>
     <span class='ocr_line' id='line_1_22' title="bbox 113 2252 1058 2325; baseline -0.004 -15"><span class='ocrx_word' id='word_1_186' title='bbox 113 2256 234 2319; x_wconf 88' lang='lat' dir='ltr'><strong>infinito,</strong></span> <span class='ocrx_word' id='word_1_187' title='bbox 261 2272 311 2310; x_wconf 88' lang='lat' dir='ltr'><strong>nec</strong></span> <span class='ocrx_word' id='word_1_188' title='bbox 330 2271 388 2309; x_wconf 84' lang='lat' dir='ltr'><strong>esse</strong></span> <span class='ocrx_word' id='word_1_189' title='bbox 407 2272 516 2310; x_wconf 88' lang='lat' dir='ltr'><strong>causam</strong></span> <span class='ocrx_word' id='word_1_190' title='bbox 535 2271 584 2309; x_wconf 90' lang='lat' dir='ltr'><strong>cur</strong></span> <span class='ocrx_word' id='word_1_191' title='bbox 604 2273 688 2310; x_wconf 90' lang='lat' dir='ltr'><strong>nuum</strong></span> <span class='ocrx_word' id='word_1_192' title='bbox 708 2255 783 2325; x_wconf 87' lang='lat' dir='ltr'><strong>prius</strong></span> <span class='ocrx_word' id='word_1_193' title='bbox 801 2252 845 2307; x_wconf 88' lang='lat' dir='ltr'><strong>vaf</strong></span> <span class='ocrx_word' id='word_1_194' title='bbox 865 2252 957 2323; x_wconf 90' lang='lat' dir='ltr'><strong>potius</strong></span> <span class='ocrx_word' id='word_1_195' title='bbox 976 2270 1058 2324; x_wconf 84' lang='lat' dir='ltr'><strong>qnam</strong></span> 
     </span>
     <span class='ocr_line' id='line_1_23' title="bbox 113 2334 1059 2407; baseline -0.003 -16"><span class='ocrx_word' id='word_1_196' title='bbox 113 2335 228 2391; x_wconf 89' lang='lat' dir='ltr'><strong>alterum</strong></span> <span class='ocrx_word' id='word_1_197' title='bbox 256 2335 418 2399; x_wconf 85' lang='lat' dir='ltr'><strong>creavisset,</strong></span> <span class='ocrx_word' id='word_1_198' title='bbox 450 2338 478 2389; x_wconf 88' lang='lat' dir='ltr'><strong>et</strong></span> <span class='ocrx_word' id='word_1_199' title='bbox 504 2335 595 2389; x_wconf 92' lang='lat' dir='ltr'><strong>omnia</strong></span> <span class='ocrx_word' id='word_1_200' title='bbox 615 2354 669 2390; x_wconf 93' lang='lat' dir='ltr'><strong>uno</strong></span> <span class='ocrx_word' id='word_1_201' title='bbox 688 2334 817 2407; x_wconf 87' lang='lat' dir='ltr'><strong>temporis</strong></span> <span class='ocrx_word' id='word_1_202' title='bbox 840 2338 978 2387; x_wconf 88' lang='lat' dir='ltr'><strong>momento</strong></span> <span class='ocrx_word' id='word_1_203' title='bbox 997 2350 1059 2406; x_wconf 91' lang='lat' dir='ltr'><strong>pro·</strong></span> 
     </span>
     <span class='ocr_line' id='line_1_24' title="bbox 112 2414 1058 2487; baseline -0.001 -18"><span class='ocrx_word' id='word_1_204' title='bbox 112 2416 209 2470; x_wconf 88' lang='lat' dir='ltr'><strong>ducere</strong></span> <span class='ocrx_word' id='word_1_205' title='bbox 226 2415 374 2487; x_wconf 89' lang='lat' dir='ltr'><strong>potuisset,</strong></span> <span class='ocrx_word' id='word_1_206' title='bbox 395 2414 536 2470; x_wconf 85' lang='lat' dir='ltr'><strong>videamus</strong></span> <span class='ocrx_word' id='word_1_207' title='bbox 552 2414 624 2484; x_wconf 89' lang='lat' dir='ltr'><strong>jam,</strong></span> <span class='ocrx_word' id='word_1_208' title='bbox 646 2433 681 2470; x_wconf 93' lang='lat' dir='ltr'><strong>an</strong></span> <span class='ocrx_word' id='word_1_209' title='bbox 700 2433 755 2470; x_wconf 92' lang='lat' dir='ltr'><strong>non</strong></span> <span class='ocrx_word' id='word_1_210' title='bbox 773 2418 869 2468; x_wconf 84' lang='lat' dir='ltr'><strong>contra</strong></span> <span class='ocrx_word' id='word_1_211' title='bbox 888 2414 962 2484; x_wconf 89' lang='lat' dir='ltr'><strong>ipsos</strong></span> <span class='ocrx_word' id='word_1_212' title='bbox 981 2431 1058 2468; x_wconf 90' lang='lat' dir='ltr'><strong>arma</strong></span> 
     </span>
     <span class='ocr_line' id='line_1_25' title="bbox 111 2492 1057 2568; baseline -0.005 -17"><span class='ocrx_word' id='word_1_213' title='bbox 111 2497 239 2551; x_wconf 88' lang='lat' dir='ltr'><strong>adhibere</strong></span> <span class='ocrx_word' id='word_1_214' title='bbox 259 2497 409 2567; x_wconf 89' lang='lat' dir='ltr'><strong>possimus,</strong></span> <span class='ocrx_word' id='word_1_215' title='bbox 439 2494 539 2568; x_wconf 88' lang='lat' dir='ltr'><strong>quibus</strong></span> <span class='ocrx_word' id='word_1_216' title='bbox 557 2499 653 2551; x_wconf 88' lang='lat' dir='ltr'><strong>contra</strong></span> <span class='ocrx_word' id='word_1_217' title='bbox 671 2512 720 2549; x_wconf 88' lang='lat' dir='ltr'><strong>nos</strong></span> <span class='ocrx_word' id='word_1_218' title='bbox 740 2497 870 2556; x_wconf 88' lang='lat' dir='ltr'><strong>utuntur,</strong></span> <span class='ocrx_word' id='word_1_219' title='bbox 899 2492 1057 2565; x_wconf 86' lang='lat' dir='ltr'><strong>etquidem</strong></span> 
     </span>
    </p>
   </div>
   <div class='ocr_carea' id='block_1_4' title="bbox 113 2575 1060 2727">
    <p class='ocr_par' dir='ltr' id='par_1_5' title="bbox 113 2575 1060 2727">
     <span class='ocr_line' id='line_1_26' title="bbox 113 2575 302 2633; baseline -0.016 -1"><span class='ocrx_word' id='word_1_220' title='bbox 113 2578 163 2633; x_wconf 88' lang='lat' dir='ltr'><strong>hac</strong></span> <span class='ocrx_word' id='word_1_221' title='bbox 181 2575 302 2632; x_wconf 86' lang='lat' dir='ltr'><strong>ratione:</strong></span> 
     </span>
     <span class='ocr_line' id='line_1_27' title="bbox 149 2652 1060 2727; baseline -0.007 -15"><span class='ocrx_word' id='word_1_222' title='bbox 149 2658 177 2713; x_wconf 86' lang='lat' dir='ltr'><strong>Si</strong></span> <span class='ocrx_word' id='word_1_223' title='bbox 205 2658 280 2712; x_wconf 89' lang='lat' dir='ltr'><strong>Deus</strong></span> <span class='ocrx_word' id='word_1_224' title='bbox 309 2671 449 2727; x_wconf 87' lang='lat' dir='ltr'><strong>nunqnam</strong></span> <span class='ocrx_word' id='word_1_225' title='bbox 474 2657 581 2708; x_wconf 89' lang='lat' dir='ltr'><strong>tantum</strong></span> <span class='ocrx_word' id='word_1_226' title='bbox 601 2671 691 2709; x_wconf 88' lang='lat' dir='ltr'><strong>creare</strong></span> <span class='ocrx_word' id='word_1_227' title='bbox 711 2657 814 2724; x_wconf 85' lang='lat' dir='ltr'><strong>potest.</strong></span> <span class='ocrx_word' id='word_1_228' title='bbox 846 2652 960 2725; x_wconf 82' lang='lat' dir='ltr'><strong>quinat</strong></span> <span class='ocrx_word' id='word_1_229' title='bbox 979 2652 1060 2724; x_wconf 88' lang='lat' dir='ltr'><strong>plura</strong></span> 
     </span>
    </p>
   </div>
   <div class='ocr_carea' id='block_1_5' title="bbox 113 2732 1059 2966">
    <p class='ocr_par' dir='ltr' id='par_1_6' title="bbox 113 2732 1059 2966">
     <span class='ocr_line' id='line_1_28' title="bbox 113 2732 1054 2808; baseline -0.006 -16"><span class='ocrx_word' id='word_1_230' title='bbox 113 2754 203 2792; x_wconf 89' lang='lat' dir='ltr'><strong>creare</strong></span> <span class='ocrx_word' id='word_1_231' title='bbox 228 2740 335 2808; x_wconf 90' lang='lat' dir='ltr'><strong>posset,</strong></span> <span class='ocrx_word' id='word_1_232' title='bbox 364 2751 504 2806; x_wconf 89' lang='lat' dir='ltr'><strong>nunquam</strong></span> <span class='ocrx_word' id='word_1_233' title='bbox 529 2749 620 2788; x_wconf 86' lang='lat' dir='ltr'><strong>creare</strong></span> <span class='ocrx_word' id='word_1_234' title='bbox 642 2737 732 2805; x_wconf 82' lang='lat' dir='ltr'><strong>potest</strong></span> <span class='ocrx_word' id='word_1_235' title='bbox 751 2732 825 2805; x_wconf 89' lang='lat' dir='ltr'><strong>quod</strong></span> <span class='ocrx_word' id='word_1_236' title='bbox 843 2737 934 2804; x_wconf 87' lang='lat' dir='ltr'><strong>potest</strong></span> <span class='ocrx_word' id='word_1_237' title='bbox 952 2749 1054 2787; x_wconf 87' lang='lat' dir='ltr'><strong>creare.</strong></span> 
     </span>
     <span class='ocr_line' id='line_1_29' title="bbox 149 2813 1059 2950; baseline -0.003 -80"><span class='ocrx_word' id='word_1_238' title='bbox 149 2815 293 2950; x_wconf 69' lang='lat' dir='ltr'><strong>Sequuod</strong></span> <span class='ocrx_word' id='word_1_239' title='bbox 313 2833 403 2870; x_wconf 90' lang='lat' dir='ltr'><strong>creare</strong></span> <span class='ocrx_word' id='word_1_240' title='bbox 422 2821 540 2886; x_wconf 86' lang='lat' dir='ltr'><strong>nequeat</strong></span> <span class='ocrx_word' id='word_1_241' title='bbox 559 2813 630 2886; x_wconf 88' lang='lat' dir='ltr'><strong>quod</strong></span> <span class='ocrx_word' id='word_1_242' title='bbox 650 2831 740 2869; x_wconf 85' lang='lat' dir='ltr'><strong>creare</strong></span> <span class='ocrx_word' id='word_1_243' title='bbox 754 2817 859 2884; x_wconf 90' lang='lat' dir='ltr'><strong>potest,</strong></span> <span class='ocrx_word' id='word_1_244' title='bbox 880 2831 971 2869; x_wconf 89' lang='lat' dir='ltr'><strong>secum</strong></span> <span class='ocrx_word' id='word_1_245' title='bbox 991 2831 1059 2884; x_wconf 83' lang='lat' dir='ltr'><strong>pug-</strong></span> 
     </span>
     <span class='ocr_line' id='line_1_30' title="bbox 113 2900 324 2966; baseline -0.009 -16"><span class='ocrx_word' id='word_1_246' title='bbox 113 2900 169 2952; x_wconf 88' lang='lat' dir='ltr'><strong>nat.</strong></span> <span class='ocrx_word' id='word_1_247' title='bbox 222 2913 270 2966; x_wconf 83' lang='lat' dir='ltr'><strong>rgo</strong></span> <span class='ocrx_word' id='word_1_248' title='bbox 287 2925 324 2937; x_wconf 88' lang='lat'><em>-</em></span> 
     </span>
    </p>
   </div>
   <div class='ocr_carea' id='block_1_6' title="bbox 0 0 1182 3412">
    <p class='ocr_par' dir='ltr' id='par_1_7' title="bbox 0 0 1182 3412">
     <span class='ocr_line' id='line_1_31' title="bbox 0 0 1182 3412; baseline 0 0"><span class='ocrx_word' id='word_1_249' title='bbox 0 0 1182 3412; x_wconf 95' lang='lat' dir='ltr'><strong> </strong></span> 
     </span>
    </p>
   </div>
  </div>
 </body>
</html>
