2354 3412
563 126 619 185 156

153 287 263 343 Veritas
281 287 324 342 vel
344 287 486 342 affirmatio
504 287 548 342 vel
567 288 677 361 nogotio
696 289 735 344 rei
754 288 897 360 eujusdam
916 292 978 351 est.
998 307 1068 362 ques

134 384 197 423 oum
217 367 265 422 iila
285 384 312 421 re
331 367 467 423 convenit.

152 446 272 502 Felsites
299 446 343 502 vel
371 445 513 502 affirmatio
535 447 579 500 vel
598 446 707 518 negatio
725 452 768 502 est
786 447 824 502 rei
843 464 912 520 quse
933 446 985 504 ille
1004 464 1068 504 onm

117 544 146 581 re
165 545 219 581 non
239 527 376 582 convenit.

152 609 221 664 Cum
252 624 316 662 vero
344 608 394 662 hoo
413 604 517 661 illudve
536 604 667 661 offirmare
685 605 729 660 vel
748 623 846 677 negere
863 606 922 661 veri
941 607 1067 678 oogiten·

113 687 144 742 di
171 686 243 742 modi
263 687 332 751 sint,
358 687 541 742 interveram
560 683 709 756 falsamque
726 685 816 740 ideam
834 684 905 741 nihil
923 685 1005 741 eliud
1024 688 1067 741 in·

115 771 216 823 teresse
236 768 362 832 videtur,
383 784 464 839 quem
484 783 566 820 unam
584 780 647 819 eum
660 780 689 818 re
701 763 862 825 eonvenite,
880 763 997 820 alteram
1011 781 1066 820 non

114 848 278 909 eonvenite.
305 865 393 919 neque
421 864 467 901 ees
494 847 587 918 ideque
612 842 665 897 nisi
683 844 801 906 ratione,
832 859 888 898 non
904 860 972 899 vero
991 845 1065 900 festo

113 925 230 983 differre.
258 925 341 986 Quod
360 926 384 980 si
397 925 437 980 ite
449 929 536 990 esset,
557 924 646 996 rogeri
659 928 763 995 posset:
784 925 915 997 quidnam
928 925 1065 981 commodi

113 1004 241 1061 damnive
254 1010 370 1076 utreque
383 1023 432 1060 sua
443 1004 500 1060 sive
511 1005 625 1060 veritate
635 1004 692 1058 sive
702 1003 822 1071 selsitete
833 1004 951 1060 hebeat?
970 1005 1066 1074 Atque

112 1086 212 1150 etiam,
236 1085 370 1156 quomodo
390 1090 505 1157 utreque
523 1089 670 1156 cognoscet
688 1102 763 1140 suem
783 1084 987 1156 perceptionem
1007 1086 1065 1141 sire

112 1167 201 1222 ideam
221 1168 307 1239 magis
325 1184 406 1239 quem
419 1167 533 1223 alterius
542 1184 604 1222 oum
618 1163 698 1220 rebus
711 1164 926 1219 conventuram?
945 1169 975 1219 et
986 1165 1064 1221 deni·

113 1265 165 1319 que
185 1246 257 1302 unde
269 1247 415 1318 procedet,
435 1264 518 1303 unum
532 1261 582 1302 neo
594 1262 658 1299 vero
671 1242 787 1299 alterum
801 1244 910 1299 eriere?
930 1244 977 1300 Ad
990 1245 1064 1317 quod

52 1372 56 1378 .
113 1325 348 1399 respondebimus:
369 1343 412 1381 res
431 1327 595 1382 clarissimae
614 1341 669 1379 non
688 1341 716 1378 se
733 1323 902 1379 solummodo
915 1323 963 1379 sed
977 1325 1062 1380 etiam

114 1406 263 1462 falsitatem
282 1406 418 1470 indicere;
439 1406 478 1462 ita
497 1411 528 1462 ut
547 1423 645 1477 magne
656 1408 728 1458 esset
740 1403 861 1459 stultitia
874 1420 979 1476 rogere,
996 1420 1062 1476 quo·

115 1485 194 1540 modo
220 1502 314 1539 esrom
341 1486 444 1541 oonsoii
463 1504 520 1541 esse
539 1484 696 1558 possemus?
721 1501 783 1539 eum
802 1483 873 1538 enim
892 1482 1063 1539 clarissimes

111 1565 256 1630 dieantur,
277 1565 381 1621 nullam
400 1570 473 1621 certe
491 1566 546 1621 elie
564 1565 702 1621 evidentia
714 1583 773 1620 esse
785 1569 891 1637 potest,
915 1582 970 1638 qne
983 1565 1063 1622 illos·

113 1646 180 1700 irari
200 1650 318 1716 possent.
344 1644 394 1700 Uti
412 1664 477 1700 vero
495 1647 595 1702 veritos
614 1647 656 1702 sui
675 1645 761 1716 ipsios
780 1650 863 1716 atque
882 1645 966 1699 etism
987 1645 1063 1701 felsi-

112 1724 179 1778 tstis
198 1723 281 1780 index
299 1730 357 1788 est,
380 1723 487 1780 felsites
500 1744 514 1780 e
528 1730 665 1783 contrario
679 1744 818 1799 nunquam
831 1744 879 1797 per
890 1743 920 1781 se
934 1727 1062 1783 manifes-

111 1804 165 1858 tari
185 1804 345 1875 ostendique
364 1810 469 1876 potest;
489 1824 572 1878 quare
585 1810 608 1864 is
621 1807 669 1878 qui
683 1808 825 1860 veritatem
839 1805 921 1861 hebet
933 1806 1062 1863 dubitare

112 1884 208 1954 nequit
236 1900 294 1937 eem
322 1901 350 1938 se
369 1884 484 1948 habere3
510 1903 572 1941 eum
590 1905 605 1940 e
623 1887 759 1942 contrario
779 1885 840 1949 ille,
869 1885 917 1957 qui
936 1885 966 1939 in
985 1885 1062 1942 felsi-

113 1968 170 2018 tete
191 1963 236 2017 vel
255 1980 344 2017 errore
363 1970 418 2028 est,
438 1965 543 2034 opinari
562 1971 653 2037 potest
670 1983 699 2020 se
718 1964 861 2020 veritatem
881 1962 999 2029 hebere;
1021 1965 1061 2020 uti

112 2043 212 2114 aliquis
241 2043 379 2098 somnians
407 2047 503 2115 putere
521 2046 631 2117 quidem
659 2049 761 2115 potest,
794 2061 823 2098 se
841 2043 973 2114 vigilare,
1007 2061 1062 2100 non

112 2140 176 2177 vero
194 2122 242 2195 qui
262 2122 359 2194 vigilet
377 2128 474 2194 putere
492 2142 520 2179 se
540 2124 676 2181 somniari.

146 2203 211 2263 Quo
229 2202 304 2258 dioto
323 2202 415 2275 aliquo
430 2202 509 2258 modo
522 2203 674 2274 explicetur
687 2203 759 2276 qnod
773 2202 948 2264 dioebemns.
971 2203 1062 2258 Deum

110 2282 254 2337 veritatem
273 2300 321 2337 seu
340 2283 483 2337 veritatem
501 2283 590 2340 Deum
610 2301 678 2339 esse.

146 2833 234 2894 Quod
259 2833 293 2888 ed
321 2851 446 2899 oausam,
474 2852 523 2890 our
548 2853 619 2890 unns
638 2835 763 2891 veritatis
783 2834 868 2906 magis
888 2850 972 2906 quem
992 2833 1061 2891 alter

110 2913 238 2971 oonsoins
257 2913 306 2981 sit,
329 2913 378 2969 hoe
397 2915 460 2970 inde
480 2915 617 2986 procedit.
640 2913 912 2988 quodaffirmationis
924 2914 970 2969 vel
983 2932 1061 2987 nego·

112 2994 197 3049 tionis
215 2993 292 3058 idea,
312 3011 381 3066 quse
401 3011 462 3050 oum
476 2997 515 3051 rei
528 3000 627 3051 nature
641 2997 751 3052 omnino
760 2995 908 3060 convenit,
928 2994 1059 3067 inpriore
