2354 3412
568 110 608 167 44

112 270 165 324 tali
186 270 291 324 ratione
311 285 370 323 oum
392 286 473 324 eausa
493 287 541 324 suu
561 270 738 339 conjunctum
758 285 880 330 manere.
908 267 979 339 quod
1000 285 1062 322 oum

111 367 147 403 ea
167 365 251 402 unum
271 354 358 402 totum
378 348 489 404 efficiat:
511 350 583 421 quod
603 350 625 404 si
644 349 684 404 ita
703 353 759 413 est,
780 348 869 411 Deus,
891 349 932 401 uti
946 346 1013 402 mihi
1023 348 1064 402 vi·

114 431 213 495 detnr,
240 446 323 484 eausa
350 430 500 484 immanens
529 437 587 485 esse
611 431 723 501 nequit3
753 429 775 482 si
805 428 875 483 enim
907 428 965 498 ipse
985 432 1013 481 et
1032 428 1061 481 id

111 508 188 582 quod
216 509 250 562 ab
269 526 301 563 eo
320 509 481 580 productum
502 517 543 564 est
563 529 645 564 unum
665 514 754 564 totum
774 509 905 572 efficiant,
928 507 989 562 Deo
1008 527 1065 563 uno

114 595 236 661 tempore
265 588 326 659 plus
346 591 479 643 essentiae
498 588 626 646 attribuis
645 608 727 662 quarn
746 589 808 646 alio.
845 590 925 649 Quod
946 587 1064 643 dubium

113 670 197 734 mili,
218 686 326 741 preoor,
348 669 459 726 adimas.

152 830 262 898 Pheoph.
302 827 330 882 Si
357 833 399 892 te,
429 828 555 894 Erasme,
582 829 737 884 confusioni
757 829 825 883 istae
844 828 947 900 eripere
966 827 1061 898 cupis,

113 909 183 963 bene
211 908 345 979 perpende
369 907 441 979 quod
460 908 511 962 tibi
527 908 585 979 jam
604 909 700 967 diuam.
736 911 788 965 Rei
807 907 924 978 alicujus
944 907 1065 962 essentia

114 1007 169 1043 non
197 995 313 1059 augetur
341 988 533 1058 eonjunotione
553 988 624 1042 alius
643 991 681 1043 rei
701 1007 816 1061 quaeum
836 992 923 1043 totum
944 987 1059 1051 efficiat,

109 1068 160 1122 sed
190 1087 204 1121 e
232 1068 369 1123 contrario
397 1068 425 1121 iu
445 1066 493 1122 illa
512 1069 655 1123 immutata
675 1075 773 1125 manet.
809 1067 893 1129 Quod
913 1073 943 1123 ut
962 1067 1063 1124 melius

115 1147 254 1218 intelligas
273 1146 324 1201 tibi
344 1146 496 1216 exemplum
516 1165 678 1218 proponam:
700 1148 855 1204 Statuarius
873 1166 887 1199 e
907 1147 982 1218 ligno
1001 1147 1063 1219 plu·

114 1246 157 1282 res
176 1230 277 1299 figuras
296 1228 361 1282 feeit
379 1226 413 1281 ad
434 1227 640 1283 similitudinem
660 1230 777 1301 partium
797 1227 917 1299 eorporis
931 1227 1061 1288 humani:

113 1326 195 1364 unam
215 1327 248 1362 ex
267 1308 318 1372 iis,
339 1325 408 1379 quae
423 1309 535 1378 figuram
551 1308 632 1362 habet
646 1309 763 1378 pectoris
776 1307 901 1370 humani,
922 1307 1014 1378 capit,
1034 1319 1062 1361 et

112 1406 176 1444 oum
196 1388 250 1442 alia
269 1387 413 1458 conjungit
432 1405 501 1459 quae
521 1389 618 1458 eapitis
638 1388 748 1441 humani
769 1385 849 1441 habet
868 1388 999 1457 figuram,
1029 1404 1064 1441 ex

115 1477 231 1539 utraque
259 1472 350 1521 autem
380 1485 465 1520 unum
491 1473 579 1522 totum
607 1467 688 1529 lauit,
719 1466 790 1538 quod
811 1465 931 1536 eorporis
951 1465 1064 1519 humani

114 1551 218 1618 partem
238 1547 403 1618 superiorem
423 1547 540 1602 exhibet.
562 1547 679 1602 Dicesne
695 1545 752 1617 jam
772 1545 836 1601 hino
855 1545 952 1616 eapitis
972 1561 1064 1598 essen·

115 1627 181 1680 tiam
213 1629 320 1680 auctam
350 1644 408 1679 esse
437 1628 629 1696 conjunctione
656 1626 706 1681 illa
729 1644 789 1682 oum
811 1625 937 1697 pectore?
975 1624 1065 1681 Nullo

115 1706 211 1771 modo,
237 1723 297 1759 nam
317 1705 389 1759 idem
409 1705 497 1760 adhuc
516 1706 647 1776 estquod
667 1710 756 1760 antea.
795 1707 835 1762 Ut
852 1709 880 1759 et
900 1706 996 1760 melius
1016 1723 1064 1776 pa·

113 1789 187 1849 teat,
218 1784 293 1838 aliud
323 1784 372 1838 tibi
396 1782 547 1855 exemplum
567 1802 728 1856 proponam,
758 1802 854 1856 nempe
873 1785 960 1838 ideam
980 1803 1062 1856 quam

113 1865 247 1936 trianguli
276 1864 374 1927 liabeo,
403 1869 432 1915 et
449 1863 530 1917 aliam
550 1882 582 1918 ex
602 1865 752 1936 prolatione
772 1866 855 1919 unius
873 1865 956 1919 trium
975 1882 1063 1936 augu-

114 1945 201 1999 lorum
232 1946 335 2005 ortam,
365 1960 444 2014 quem
465 1942 595 2014 angulum
616 1945 751 2016 prolatum
770 1944 814 1999 vel
833 1963 861 1999 se
881 1946 1062 2015 proferentem

114 2040 226 2079 necesse
245 2026 300 2085 est,
328 2022 469 2094 aequalem
489 2040 547 2077 esse
567 2024 672 2080 duobus
691 2025 800 2096 angulis
819 2025 994 2079 interioribus
1014 2040 1061 2095 op·

112 2104 211 2175 positis
230 2107 295 2165 eto.;
328 2103 375 2157 has
394 2101 470 2156 ideas
488 2101 549 2158 dieo
568 2104 623 2173 jam
647 2106 806 2176 produxisse
829 2122 941 2167 novam,
964 2121 1061 2174 nempe

113 2198 169 2237 tres
197 2183 312 2253 angulos
330 2181 463 2254 trianguli
482 2183 608 2254 aequales
627 2201 685 2239 esse
704 2183 810 2239 duobus
830 2184 939 2255 angulis
962 2183 1060 2247 rantis,

111 2280 183 2336 quae
210 2263 272 2317 idea
299 2279 361 2317 oum
388 2263 477 2333 priore
504 2261 544 2316 ita
563 2263 710 2335 conjuncta
728 2267 785 2328 est,
816 2270 847 2319 ut
866 2264 924 2318 sine
943 2263 991 2317 illa
1010 2278 1063 2317 neo

113 2359 171 2396 esse
191 2358 241 2396 nee
259 2342 366 2412 concipi
386 2341 481 2412 possit.
513 2342 553 2396 At
572 2361 604 2397 ex
624 2343 749 2398 omnibus
768 2343 851 2408 ideis,
873 2361 941 2415 quas
959 2342 1062 2414 aliquis

113 2422 208 2486 habet,
231 2438 315 2477 uuum
334 2427 422 2476 totum
441 2420 569 2487 facimus,
591 2421 650 2489 vel,
671 2424 743 2494 quod
756 2422 827 2478 idem
840 2427 896 2487 est,
917 2439 965 2477 ens
978 2421 1062 2477 ratio·
