2354 3412
68 3086 112 3216 t

639 111 696 168 184

191 288 242 326 nos
260 271 381 341 proiecto
401 275 467 326 tuno
488 271 580 326 dicere
599 272 734 342 possimus
753 271 792 327 nil
810 271 930 344 amplius
949 271 979 327 in
1000 271 1136 327 uotum

229 429 267 484 Ut
295 430 380 500 igitur
408 430 504 486 herum
537 429 679 503 utriusque
709 432 821 487 effectus
844 431 918 486 clare
936 430 1126 502 intelligamus,

192 516 336 582 utramque
355 513 444 581 primo
464 529 513 582 pro
532 530 576 576 se,
605 511 704 566 deinde
723 511 893 582 conjunctim
912 511 994 567 nobis
1013 520 1128 583 propono

192 608 268 654 mos,
291 591 330 646 uti
350 595 378 645 et
397 591 480 646 unius
500 591 668 663 alteriusque
688 590 810 646 effeetus.
1123 614 1126 621 ·

228 748 425 805 Extensionem
445 751 531 822 igitur
551 751 635 805 solam
655 749 874 813 considerantes,
897 748 937 804 nil
956 749 1033 806 eliud
1051 748 1129 806 inille

192 829 371 900 perspicimus
398 830 452 885 nisi
476 836 581 885 motum
600 835 628 885 et
645 830 782 901 quietem,
811 829 945 901 equibus
964 847 1057 885 omnes
1074 829 1129 884 inde

192 911 371 982 procedentes
398 911 511 966 effectos
538 912 702 968 invenimus.
750 911 875 984 Suntque
893 911 949 966 duo
968 910 1016 965 isti
1034 908 1064 965 io
1079 920 1128 965 coc

191 1007 256 1060 pore
276 990 347 1045 modi
372 994 397 1060 ¹)
423 991 507 1057 tales,
538 997 569 1046 ut
588 990 665 1046 nulla
683 1009 728 1046 eas
747 992 802 1047 alia
820 1009 879 1056 res,
899 990 1127 1064 quartusomne,

192 1077 298 1125 mutare
325 1073 429 1142 possit:
458 1073 500 1128 uti
519 1091 545 1127 v.
575 1090 597 1130 c.
617 1071 726 1145 quando
744 1070 815 1144 lapis
834 1073 963 1126 immotus
978 1070 1064 1142 jacet,
1087 1068 1128 1125 ier·
1166 1082 1168 1091 ·

192 1151 320 1222 possibile
346 1157 387 1206 est
415 1169 477 1206 eum
505 1152 644 1223 cogitandi
664 1150 787 1222 potentia
806 1149 849 1204 rel
871 1150 973 1206 aliare
993 1149 1128 1205 nisinen

191 1231 249 1285 solo
280 1231 399 1294 moveri,
425 1231 472 1287 ubi
492 1250 588 1303 nempe
607 1232 679 1288 alius
699 1230 767 1301 lapis
787 1231 915 1300 majorem
935 1235 1040 1284 motum
1058 1244 1128 1301 quen
1164 1226 1168 1301 1

191 1311 268 1382 quies
293 1311 353 1380 ejus
381 1310 498 1376 habens,
526 1330 588 1367 eom
618 1327 724 1365 movere
752 1311 849 1371 faciat;
880 1310 921 1365 uti
950 1316 979 1364 et
997 1309 1066 1380 lapis
1082 1322 1129 1362 mo·

191 1408 258 1444 vens
277 1391 416 1459 quiescere
435 1394 568 1460 nequeat,
591 1388 644 1442 nisi
663 1388 719 1443 alia
737 1407 765 1442 re
780 1391 911 1444 minorem
925 1395 1028 1444 motum
1041 1387 1128 1443 haben·

192 1472 227 1524 te.
264 1469 345 1524 Unde
373 1471 497 1541 sequitur
525 1466 632 1523 nullum
660 1469 800 1538 cogitandi
828 1469 939 1524 modum
966 1469 997 1524 in
1025 1482 1127 1538 corpore

192 1553 295 1602 motum
314 1548 357 1602 vel
371 1550 495 1620 'quietem
514 1549 662 1620 producere
681 1564 769 1618 posse.

228 1849 376 1912 Attamen,
407 1849 555 1904 secundum
575 1849 603 1903 id
626 1848 699 1920 quod
722 1848 751 1902 in
773 1848 851 1903 nobis
871 1849 1052 1920 percipimus,
1081 1844 1131 1903 fieri

192 1932 298 1998 potest.
325 1932 357 1982 ut
375 1945 488 1999 eorpus,
510 1927 583 2000 quod
600 1927 629 1983 in
649 1944 731 1981 unam
747 1932 850 1997 partem
868 1933 973 1982 motum
986 1927 1045 1998 jam
1061 1927 1132 1981 habet

193 2007 226 2060 ad
246 2006 358 2062 alteram
373 2008 482 2071 tendat,
504 2007 544 2061 uti
559 2007 668 2079 quando
680 2006 819 2061 brachium
833 2023 922 2061 meum
935 2007 1068 2074 extendo,
1086 2022 1132 2079 quo

192 2084 280 2140 efficio
297 2092 327 2140 ut
346 2087 459 2159 spiritus
479 2091 581 2141 motum
600 2105 697 2152 suum,
730 2106 780 2144 neo
799 2106 862 2144 vero
881 2089 963 2153 iiiuc,
996 2089 1132 2149 habentes,

192 2183 224 2219 eo
249 2166 306 2238 jam
334 2168 465 2229 tendent:
496 2185 550 2221 non
579 2185 683 2236 semper
702 2186 782 2233 vero,
812 2170 858 2223 sed
878 2169 1029 2224 secuudum
1048 2184 1133 2224 eorum

191 2245 369 2317 qualitatem,
398 2247 439 2300 uti
467 2251 561 2317 postea
589 2245 701 2301 dicitur.
739 2249 826 2319 Cujus
845 2249 883 2304 rei
902 2254 1062 2313 causaest,
1091 2262 1134 2302 neo

192 2325 246 2380 alia
266 2344 324 2380 esse
344 2331 449 2397 potest,
470 2326 542 2398 quod
557 2342 649 2391 mens,
669 2326 769 2398 quippe
788 2346 857 2401 quae
876 2330 998 2399 corporis
1018 2328 1134 2392 sititet,

191 2405 230 2458 ita
249 2422 310 2460 cum
324 2405 406 2461 hoooe
426 2406 504 2460 nnita
517 2411 574 2469 est,
596 2411 626 2460 ut
638 2405 808 2476 conjunctim
820 2426 903 2463 unum
916 2414 1006 2463 totum
1017 2407 1135 2464 efficient

226 2818 309 2878 Quod
328 2819 362 2873 ad
382 2819 496 2875 alterius
515 2821 572 2876 sire
585 2823 734 2894 cogitantis
747 2821 875 2877 attributi
889 2820 1020 2886 effectus,
1040 2817 1136 2892 praeoi·

220 2997 237 3053 ¹)
269 2994 322 3042 Duo
338 2996 409 3043 modi:
427 2995 491 3054 quies
507 2997 566 3044 enirn
583 2998 642 3046 nihil
659 3008 764 3046 nonest.
