2354 3412
555 138 612 196 166

113 297 132 349 i.
153 314 177 352 e.
194 314 243 352 ans
256 297 388 363 rationis,
408 314 463 352 non
476 315 541 353 vero
554 315 602 352 ens
617 296 690 352 reale
703 297 754 359 sit,
776 295 847 351 nihil
859 294 894 350 ab
906 288 1028 351 eacuuuti

113 379 222 446 potest;
249 394 312 431 nam
341 395 375 432 ex
400 377 486 432 nihilo
515 375 585 432 nihil
611 378 650 434 st.
686 376 782 449 Neque
801 376 889 447 igitur
906 373 1028 446 regendus

112 459 203 510 utrum
222 455 308 512 libera
326 457 363 512 sit
382 473 477 512 necne.
504 455 544 510 Ut
562 460 653 511 autem
673 456 855 527 percipiamus
874 472 938 510 num
955 455 980 511 iu
994 453 1030 509 lit

111 534 194 589 illave
206 536 380 608 particularis
393 536 534 591 Volitione
546 536 566 591 i.
581 555 605 590 e.
621 535 813 600 affirmatione,
835 534 880 589 vel
893 534 1027 607 negatione

112 612 192 669 liberi
204 615 289 671 simus
302 633 404 682 necne,
425 617 579 671 meminisse
591 619 698 671 tantum
712 621 834 688 oportet,
854 613 892 674 τὸ
903 613 1030 686 intelliges

111 716 206 770 puram
219 717 278 755 esse
290 700 456 771 pensionem,
478 699 506 754 id
525 703 568 753 est
586 716 674 754 rerum
695 701 828 757 essentiae
840 700 1031 771 existentias!

113 781 141 834 in
166 785 254 835 mente
277 780 494 851 perceptionem
514 780 554 833 ita
572 782 604 833 ut
622 797 761 851 nunquam
779 781 833 854 ipsi
852 784 886 839 de
905 801 933 838 re
949 766 1030 853 aliqud

112 857 273 914 affirmemus
295 857 339 913 vel
358 875 503 930 negemus,
534 858 593 929 ipsa
611 876 675 913 vero
694 860 731 915 sit
750 879 793 916 res
812 881 882 935 quae
900 856 1032 934 uliquidst

113 957 141 994 se
159 939 189 994 in
207 938 285 994 nobis
304 937 418 994 affirmet
435 937 480 992 vel
499 943 588 1010 neget.
1023 946 1026 951 '

147 1256 184 1311 Et
207 1272 370 1327 quamquam
399 1253 526 1310 nonnulli
553 1255 667 1311 fortasse
695 1257 746 1314 hoc
773 1261 923 1316 consedere
951 1258 1033 1321 nolint,

112 1336 212 1408 quippe
239 1334 338 1407 quibus
365 1332 492 1389 videatur
519 1351 548 1388 se
575 1334 650 1390 aliud
675 1337 741 1409 quid
761 1338 795 1393 de
814 1358 842 1394 re
861 1332 1034 1396 affirmarem

112 1432 211 1486 negare
239 1432 331 1486 posse.
361 1431 443 1486 quam
461 1412 540 1483 cujus
560 1414 593 1467 de
612 1431 640 1468 re
658 1417 761 1473 conscii
780 1418 853 1482 siut;
880 1420 931 1476 hoc
948 1406 1034 1476 unsri

113 1495 177 1550 inde
196 1494 336 1566 procedit,
365 1492 437 1564 quod
457 1492 602 1548 discrimen
622 1512 676 1550 non
694 1496 798 1553 iaciant
816 1499 890 1554 inter
909 1492 1034 1555 ideamri

113 1575 142 1629 in
171 1579 260 1629 mente
282 1579 310 1628 et
329 1573 411 1628 rerba
429 1573 529 1644 quibus
548 1572 597 1628 illa
615 1575 785 1647 exprimitur.
823 1577 928 1634 Verum
946 1576 1036 1652 quius·

113 1660 155 1708 est
174 1653 295 1725 (quando
314 1652 434 1708 rationes
452 1653 554 1707 adsunt
573 1669 641 1723 quae
659 1654 693 1709 ud
713 1656 782 1712 illud
803 1675 852 1713 nos
872 1660 992 1730 movent)
1029 1724 1032 1731 Ι

112 1733 190 1795 aliis,
211 1732 267 1787 sive
280 1732 371 1788 verbis
383 1732 440 1787 sive
453 1731 515 1786 aliis
529 1733 732 1801 instrumentis,
752 1736 786 1792 de
800 1755 828 1792 re
842 1737 921 1794 aliud
935 1730 1036 1795 indicat

112 1831 193 1886 quam
212 1814 291 1883 eujus
304 1814 407 1870 conscii
420 1830 529 1876 sumus;
550 1831 688 1885 nunquam
701 1833 780 1878 vero,
802 1836 891 1890 neque
903 1819 1037 1874 vertisset

113 1895 175 1950 eliis
193 1893 356 1965 quibusdam
376 1893 581 1957 instrumentis,
601 1893 762 1961 efficiemus,
784 1901 816 1951 ut
834 1898 870 1952 de
883 1900 963 1954 rebus
974 1896 1036 1954 alltc!

113 1975 262 2032 sentiamus
290 1993 370 2047 quam
398 1975 530 2037 iacimus;
558 1976 631 2046 quod
653 1975 779 2031 omnibus
798 1977 903 2033 clarum
922 1985 978 2043 est,
1001 1976 1035 2048 qil

111 2057 222 2112 omnino
240 2059 317 2110 extra
335 2053 478 2108 verborum
498 2052 542 2108 vel
554 2053 669 2109 aliorum
682 2054 822 2126 signorum
836 2075 916 2114 nsum
929 2059 963 2114 ad
973 2052 1035 2113 inus

111 2137 212 2192 lectum
231 2153 311 2191 suum
330 2133 418 2190 solum
435 2133 592 2190 attendunt.

148 2524 200 2578 Cui
214 2522 339 2578 nonnulli
353 2522 467 2577 fortasse
481 2520 666 2577 contradicere
685 2528 810 2590 possent,
830 2523 920 2594 qued,
940 2521 1032 2578 nisius

111 2609 273 2674 tantumque
300 2618 344 2657 res
372 2602 408 2656 sit
427 2619 496 2673 quae
515 2600 549 2655 dc
568 2619 596 2655 se
615 2601 732 2655 affirmat
751 2607 904 2674 negatque,
933 2602 970 2658 nil
986 2610 1032 2671 utut

111 2685 236 2742 affirmari
264 2684 308 2738 vel
336 2683 430 2754 negari
458 2682 544 2754 possit
572 2680 625 2735 nisi
653 2681 726 2752 quod
749 2696 812 2736 cum
840 2699 869 2737 re
894 2681 1030 2740 convenisl·

112 2783 199 2837 neque
218 2764 303 2835 igitur
321 2762 469 2818 falsitatem
489 2762 624 2822 existere;
645 2777 714 2831 quae
733 2761 849 2816 enimin
863 2760 1030 2821 escensuri.

111 2850 143 2900 ut
161 2843 265 2915 aliquid
284 2841 318 2896 de
336 2859 365 2897 re
383 2841 534 2896 affirmetur
553 2839 596 2895 vel
616 2844 747 2911 negetur,
778 2843 934 2913 quodcum
951 2860 977 2898 re
991 2852 1030 2895 u
1058 2872 1064 2931 p
