2354 3412
566 119 605 177 30

148 283 172 338 2.
192 281 248 334 Res
268 297 337 350 quee
356 297 389 333 ex
407 280 524 334 diversis
543 279 666 350 pertibus
681 278 832 350 composite
845 283 903 343 est,
922 278 987 333 telis
1001 295 1059 333 esse

110 361 206 424 debet,
228 364 259 414 ut
278 364 369 430 pertes
388 360 447 430 ejus
468 360 592 431 singulae
605 359 749 431 seperatim
763 358 870 430 concipi
883 358 927 412 vel
940 358 1061 432 intelligi

113 441 235 512 possint:
251 439 292 493 uti
306 457 328 494 e.
341 457 381 509 gr.
393 439 423 494 in
437 439 590 511 horologio,
607 439 679 510 quod
693 456 727 493 ex
739 438 855 492 diversis
867 439 935 492 rotis
947 445 975 492 et
987 438 1060 494 funi·

112 520 164 574 bus
194 519 374 588 compositum
403 523 458 579 est:
489 518 536 573 ubi
555 536 678 589 quaeque
697 522 756 571 rote
774 521 803 572 et
821 517 894 572 funis
914 518 1061 589 seperatim

110 598 220 670 concipi
234 604 261 652 et
271 597 390 670 intelligi
404 602 512 670 potest,
533 617 582 654 neo
595 603 687 652 temen
699 602 804 662 totum,
825 598 866 653 uti
879 599 1061 669 compositum

113 684 170 742 est,
190 679 282 733 adhibi
296 695 406 733 necesse
420 683 470 733 est.
492 679 592 734 Eadem
607 678 712 732 ratione
725 679 754 732 in
767 695 852 750 equa,
867 694 937 750 quse
952 683 1061 732 constet

113 757 262 830 particulis
285 759 367 814 nectis
385 763 413 812 et
432 758 572 830 oblongis,
600 762 628 813 et
647 759 726 828 cujus
745 757 870 829 singulae
890 762 980 828 pentes
999 774 1062 812 con-

114 839 169 910 cipi
194 843 222 892 et
240 837 359 909 intelligi
378 842 494 908 possunt
512 839 613 908 ebsque
632 841 700 892 toto.
738 837 807 891 Cum
826 841 918 891 eutem
937 837 1062 892 extensio

114 918 269 973 substantie
298 917 348 983 sit,
377 917 432 972 dici
460 918 556 989 nequit
583 935 641 971 eam
667 921 758 988 pentes
783 917 897 978 hebere,
928 917 994 988 quia
1013 935 1064 972 nec

117 998 203 1068 major
222 1015 272 1054 nec
293 998 380 1052 minor
398 999 456 1053 fieri
475 1003 581 1069 potest,
602 1013 652 1051 nec
671 1000 761 1066 pentes
780 997 840 1066 ejus
860 998 1006 1068 seperatim
1022 998 1064 1051 in·

116 1078 205 1149 telligi
232 1083 362 1148 possunt,
393 1095 455 1132 cum
474 1083 572 1131 nature
591 1093 640 1130 sue
659 1076 766 1130 infinite
785 1075 831 1130 sit.
870 1076 952 1135 Quod
971 1081 1065 1131 eutem

118 1157 181 1212 telis
195 1175 253 1212 esse
266 1157 380 1221 debeat,
401 1158 464 1211 inde
479 1157 617 1228 sequitur,
638 1173 732 1227 nempe
746 1156 810 1227 quie
819 1194 828 1220 ,
848 1155 900 1210 nisi
915 1155 979 1210 telis
993 1161 1067 1211 esset

116 1237 166 1292 sed
186 1237 362 1309 expertibus
382 1238 559 1301 consisteret,
589 1239 687 1291 nature
707 1253 756 1289 sue
775 1235 882 1290 infinite
901 1254 957 1291 non
975 1241 1065 1297 esset:

149 1789 196 1844 At,
223 1786 311 1846 inquis,
338 1801 411 1833 nonne
427 1802 478 1846 pers
496 1788 519 1833 in
535 1786 665 1834 extensione
682 1792 734 1833 ente
750 1801 826 1833 omnes
842 1785 936 1833 modost)
969 1787 1070 1834 Omnino

119 1873 181 1916 uon,
197 1857 255 1905 dico.
286 1860 330 1916 nt,
350 1858 418 1916 diois,
434 1858 453 1904 si
469 1865 542 1905 motus
558 1864 592 1905 est
608 1857 744 1915 inmeterie3
763 1859 786 1904 in
796 1859 861 1917 hujus
870 1859 1071 1919 perteessedebeb

118 1944 168 1975 curn
185 1929 245 1975 enim
262 1935 335 1976 totum
350 1929 462 1975 infinitum
480 1930 525 1988 sit,
543 1930 632 1976 ubinam
649 1936 787 1986 moveretur,
803 1944 853 1975 oum
869 1937 932 1976 extre
948 1946 996 1977 eern
1014 1930 1071 1978 nihil

119 2000 218 2047 existetl’
236 1999 273 2045 Ad
280 1998 339 2058 quod
347 1998 483 2060 respondeo:
500 2016 545 2046 non
554 2007 588 2047 est
596 2007 669 2048 motus
678 2001 751 2057 solus,
760 2000 798 2046 sed
806 2007 880 2046 motus
888 2008 910 2047 et
919 2002 982 2059 quies
991 2003 1072 2059 simul,

120 2078 143 2118 et
160 2071 249 2131 quidem
258 2073 280 2117 in
290 2077 355 2128 toto,
373 2070 440 2129 inque
448 2085 475 2116 eo
483 2071 617 2129 essedebet,
636 2087 681 2118 non
689 2071 748 2118 enim
756 2087 808 2131 pers
816 2071 840 2117 in
848 2071 985 2120 extensione.
1003 2072 1072 2120 Quod

119 2141 141 2188 si
157 2157 239 2202 neges,
255 2141 315 2188 dices
333 2141 389 2188 mihi
405 2141 486 2201 igitur,
504 2142 524 2188 si
538 2147 610 2189 totam
626 2143 778 2190 extensionem
794 2142 886 2200 dividis,
903 2150 989 2204 pentem
1005 2160 1072 2204 quam

120 2213 237 2259 intellectu
255 2219 294 2258 tuo
314 2212 342 2258 eb
358 2228 384 2258 ee
400 2212 483 2259 scindis
499 2212 566 2260 etiem
582 2220 662 2261 nature
678 2215 776 2260 omniurn
793 2215 890 2276 partium
899 2214 928 2260 eb
936 2230 962 2260 ee
970 2216 1072 2262 scindere

122 2290 201 2345 potes3
217 2299 261 2342 quo
279 2283 340 2329 lecto
355 2282 425 2343 igitur
443 2298 511 2343 rogo:
536 2284 650 2332 Quidnam
667 2291 701 2330 est
717 2285 775 2330 inter
789 2291 874 2343 partem
883 2285 944 2333 illem
952 2287 1072 2334 abscissam

119 2361 144 2402 et
155 2354 279 2413 reliquum?
297 2354 379 2412 Dices,
399 2369 488 2400 necesse
500 2361 546 2412 est,
564 2356 599 2402 vel
607 2371 700 2402 vacuum
709 2357 742 2402 vel
751 2355 811 2401 eliud
819 2370 909 2418 corpus,
929 2357 963 2403 vel
972 2357 1027 2404 illud
1036 2374 1071 2405 ex·

121 2424 231 2472 tensionis
249 2425 333 2485 ipsius;
350 2431 453 2484 qens-tum
470 2441 516 2472 non
532 2426 604 2473 detur.
628 2426 726 2472 Primum
740 2441 798 2484 non,
816 2443 867 2472 nem
883 2443 976 2476 vacuum
985 2436 1074 2476 nonest

121 2496 181 2554 quod
198 2496 320 2556 positivum
336 2511 376 2543 nec
392 2511 473 2557 corpus
490 2496 527 2544 sit.
559 2495 607 2543 Nec
622 2497 727 2555 alterum,
744 2513 795 2543 nem
812 2503 860 2544 tum
869 2499 974 2547 existeret
982 2501 1073 2557 modus,

122 2567 161 2627 qni
185 2567 281 2616 existere
302 2568 394 2626 nequit,
421 2583 470 2614 curn
495 2568 608 2626 extensio,
635 2575 747 2628 tamquam
769 2570 880 2627 extensio,
906 2570 954 2616 sine
969 2572 1073 2618 omnibns

124 2638 196 2685 modis
220 2644 244 2684 et
266 2644 320 2685 ente
340 2637 391 2684 illos
407 2645 449 2685 est.
481 2638 556 2698 Igitur
570 2639 676 2697 tertium,
702 2644 724 2687 et
741 2640 773 2688 sic
789 2641 850 2688 nulle
865 2657 917 2702 pers
933 2642 1070 2690 extensionis

120 2709 211 2768 existit,
229 2708 267 2755 sed
285 2708 386 2756 extensio
402 2724 447 2756 une
463 2713 485 2756 et
501 2709 650 2758 indivisibilis.
