2354 3412
556 65 611 123 120

112 224 184 298 quod
204 224 282 282 nobis
300 241 356 281 non
374 229 504 296 prosunt,
533 227 588 282 imo
607 225 685 283 nobis
704 229 820 290 nocent:
845 226 963 284 diximus
975 223 1030 281 ule

112 305 146 360 de
173 321 280 370 amoro,
308 322 371 360 eum
399 321 457 361 esse
485 305 613 366 unionem
632 322 694 365 oum
714 305 821 377 objecto
839 305 913 379 qued
932 302 1032 361 rotule

112 389 165 446 tus,
185 389 277 440 noster
301 383 401 440 bonum
420 384 647 459 magnificumque
662 385 786 457 judieat;
815 403 872 458 qua
893 385 986 443 unione
1000 386 1033 438 tn·

113 463 166 519 lem
194 462 389 536 intelligimus,
420 482 474 536 qua
502 482 577 521 amor
601 469 629 521 et
656 483 699 521 res
726 469 817 522 amata
836 484 892 522 una
909 465 1035 536 eademqne

112 544 180 600 fiant
205 561 262 608 res,
296 545 354 601 sive
381 545 460 600 ambo
488 563 572 601 unum
600 549 688 602 totum
718 544 845 602 effioiant.
883 545 978 601 Nonne
996 538 1035 599 ile

112 623 198 695 igitur
226 641 288 681 vere
308 625 469 681 miserabilis
487 630 529 681 est
547 625 629 681 rebus
643 626 692 698 pul
712 623 854 682 nonnullis
872 619 1035 697 corruptibili·

114 701 166 757 bus
185 703 297 758 unitur?
316 702 397 764 Quae
416 703 504 770 enim,
526 721 586 760 eum
600 709 678 760 extra
690 704 749 776 ejus
762 705 928 777 potentiam,
947 700 1035 761 multi&

112 800 165 854 que
177 782 350 854 passionibus
363 782 481 839 obnoxia
493 784 566 849 sint,
579 783 688 855 quando
701 784 860 855 patiuntur,
873 783 931 838 lieri
942 780 1035 855 nequa

114 866 145 916 ιιι
163 861 221 934 ipse
236 863 362 934 passione
375 862 507 919 liberatus
520 866 635 921 maneat.
653 862 836 925 Quamobrem
849 861 1035 918 oonolndrnue.

112 941 221 1012 quando
245 941 287 998 illi
306 942 354 1015 qni
373 959 416 998 res
434 942 625 1015 oorruptibiles
642 946 736 999 amant
753 941 890 1014 quandam
908 941 992 997 ιιιιιιιιι
1005 934 1035 995 ιι

113 1022 228 1077 sentiam
256 1021 399 1088 habentes,
430 1023 597 1079 miserabiles
624 1025 706 1088 sunt,
734 1038 814 1094 quam
834 1017 1026 1077 miserabiles‘'
1009 1031 1035 1084 ιιι

112 1100 160 1172 qni
179 1099 321 1166 honorem,
350 1102 476 1168 divitias,
496 1107 525 1159 et
541 1102 697 1173 voluptates
716 1100 819 1157 nullam
838 1101 949 1157 omnino
966 1110 1035 1157 eom

113 1181 179 1236 tiam
198 1181 344 1248 babentes,
364 1183 473 1237 amant!

150 1339 250 1396 Hbe'
242 1340 280 1412 rgi
282 1344 328 1394 tur
352 1339 431 1395 nobis
449 1338 566 1396 sufficiat
584 1339 618 1393 ad
637 1337 896 1404 demonstrandum,
925 1338 1035 1394 rationo

114 1436 164 1474 nos
176 1417 315 1475 adhortari
328 1418 408 1475 rebus
420 1417 644 1491 corruptibilibus
657 1422 689 1474 ut
700 1417 907 1481 renunciemus;
927 1417 963 1474 iis
973 1415 1035 1474 enin

31 1548 34 1552 ,
114 1498 254 1571 quaejam
274 1498 408 1563 diximus,
430 1499 502 1556 olare
520 1497 675 1555 ostenditur
692 1515 826 1553 venenum
845 1497 904 1554 sive
916 1494 1035 1554 moloni

115 1594 206 1632 eorum
235 1596 325 1634 amore
353 1579 437 1635 situm
455 1578 607 1636 relatumve
626 1596 693 1636 ease.
723 1577 806 1638 Quod
824 1594 891 1632 vero
913 1576 1035 1634 etiamin

36 1690 41 1704 ι
114 1657 332 1728 comparabiliter
352 1657 453 1715 elarius
471 1657 611 1723 videmus,
630 1656 879 1713 animadvertentes
890 1675 972 1730 quam
984 1670 1035 1731 aa!

115 1735 225 1793 nilieum
259 1741 287 1794 et
323 1737 499 1810 praeeipuam
536 1737 636 1793 bonum
667 1753 759 1793 eorum
791 1736 922 1793 lruitione
952 1735 1035 1793 amitto

115 1834 183 1874 mus.

150 1984 242 2041 Antea
260 1983 393 2048 diximus,
414 2002 456 2039 res
474 2002 543 2057 quae
562 1982 753 2055 corruptibiles
772 1987 835 2038 sunl
849 1983 1035 2039 extranantur

115 2063 264 2136 potentiam
277 2080 352 2127 esse3
372 2068 404 2120 ut
416 2080 480 2120 vero
494 2063 560 2120 bene
573 2062 774 2136 intelligamur,
793 2062 868 2118 hisee
881 2061 970 2119 dioere
982 2057 1035 2117 nolu

115 2161 175 2200 mus
193 2160 243 2199 nos
260 2143 397 2215 quandam
415 2160 526 2199 oausam
544 2143 671 2209 liberam,
692 2141 804 2198 anullo
823 2141 878 2198 alio
897 2141 1035 2215 pendentur

115 2239 183 2277 esse.
203 2221 258 2278 Ubi
277 2222 349 2278 enim
368 2223 501 2290 dicimus,
521 2224 653 2296 quaedam
671 2223 701 2278 iu
720 2225 856 2315 potestate
875 2226 985 2285 nostra,
1002 2217 1035 2277 ali

116 2317 196 2359 vero·
210 2308 288 2357 extra
315 2302 465 2374 potentiam
492 2307 612 2359 nostram
631 2320 707 2367 esse,
737 2302 772 2358 iis
790 2319 859 2374 quae
878 2302 908 2356 in
926 2301 1035 2374 potestat

114 2385 208 2437 nostra
227 2386 292 2437 sunt
310 2400 342 2438 ea
361 2383 556 2472 intelligimus,
577 2399 647 2455 quae
666 2381 796 2438 effioimus
815 2381 911 2437 ordine
930 2382 1035 2437 nivenen

115 2460 196 2531 junet
199 2461 235 2514 im
254 2478 315 2518 eum
335 2467 433 2517 natura
452 2461 531 2532 eujus
550 2479 612 2533 pars
625 2478 735 2522 sumus;
756 2478 791 2516 us
802 2477 882 2526 vero
902 2477 971 2532 quae
982 2462 1035 2514 extr

117 2543 280 2612 potestatem
300 2544 421 2597 nostram
440 2544 520 2605 sunt,
541 2557 675 2613 eaquae,
695 2541 795 2612 quippe
814 2544 968 2605 extranea,
987 2532 1035 2594 null

117 2637 133 2674 a
152 2620 231 2675 nobis
250 2621 395 2676 mutationi
414 2619 533 2676 obnoxia
551 2625 632 2685 sunt,
654 2636 716 2677 eum
735 2619 831 2692 prooul
850 2619 960 2675 omnino
972 2617 1035 2674 abas

120 2701 209 2756 sentia
229 2705 323 2757 nostra
341 2700 425 2766 reali,
446 2704 545 2756 natura
562 2700 602 2757 ita
620 2699 787 2764 constituta,
808 2698 908 2756 absint.

134 2929 294 2986 Transimus
318 2929 375 3001 jam
403 2931 438 2986 ad
462 2918 615 2987 >seeundum
643 2929 811 3001 objectorum
840 2946 942 3003 genus,
972 2941 1032 3000 quae
