2354 3412
565 93 604 149 40

111 251 139 298 et
157 245 343 301 intellectuale
358 249 525 305 substantias
540 253 679 308 nominare
693 255 750 314 vis,
771 256 842 326 quod
857 257 891 311 ad
907 258 978 313 modi

112 327 175 380 inde
203 328 373 399 dependent,
403 331 452 385 illa
471 335 552 386 etiam
574 333 666 388 modos
685 351 764 389 vooes
784 343 906 406 oportet,
933 357 978 412 qu<

111 405 292 462 substantiam
312 427 328 463 a
347 427 401 480 qua
419 412 555 483 pendent;
576 429 631 467 nou
650 414 722 468 enim
742 418 872 486 tanquam
888 435 935 488 per
948 436 977 474 se

110 486 197 540 tentia
216 504 232 540 a
251 494 278 541 te
291 491 500 560 concipiuntur,
522 497 550 546 at
564 493 657 547 eodem
672 493 750 548 modo
763 512 818 566 quo
832 495 915 557 velle,
938 515 978 550 ser

110 565 277 637 intelligere.
308 587 398 622 amare
424 577 476 626 eto.
497 573 598 626 diversi
618 572 786 628 illiusmodi
806 581 872 629 sunt
890 577 978 630 substa

112 663 191 716 quam
212 651 242 700 tu
262 648 427 716 cogitantem
448 651 586 710 nominas.
608 653 641 706 ad
661 670 741 724 quam
761 658 791 706 tu
806 656 897 708 omnia
911 656 964 709 ista

112 744 249 798 unumque
260 746 293 781 ax
303 728 337 782 iis
351 728 442 790 efficis:
459 731 498 783 ita
508 735 535 784 et
545 749 596 802 ego
607 731 673 802 ipsis
683 733 739 786 tuis
749 735 917 804 argumentis
927 753 977 790 eon

111 806 245 861 infinitam
265 810 451 863 extensionem
465 814 492 863 et
505 811 699 882 cogitationem
713 828 772 866 oum
788 812 850 867 aliis
864 813 979 868 attribui

111 885 212 948 finitis,
233 886 293 950 vel,
313 889 461 942 secuudum
481 893 556 943 tuam
577 892 709 944 rationem
729 891 839 946 dicendi
847 932 855 958 ,
877 891 978 947 substa]

111 965 180 1021 nihil
194 965 268 1020 aliud
282 985 429 1040 essequam
443 970 535 1024 modos
549 970 620 1025 entis
634 970 709 1024 illius
719 971 809 1035 unioi,
823 973 943 1035 aeterni,
958 973 978 1028 n

112 1051 139 1100 et
157 1064 173 1100 a
193 1064 221 1100 se
240 1048 397 1107 existentis,
418 1050 446 1102 in
466 1066 520 1120 quo
538 1050 629 1104 omnia
648 1068 732 1104 unum
753 1055 781 1104 et
800 1052 910 1108 unicum
931 1070 978 1106 sun

72 1128 74 1139 ¹
112 1130 188 1180 extra
207 1145 286 1199 quam
308 1130 441 1183 unitatem
461 1129 538 1184 nulla
557 1148 600 1184 res
618 1131 684 1202 fingi
704 1133 803 1200 potest.

153 1366 243 1436 (lupia.
280 1368 313 1422 ln
333 1367 383 1422 hae
402 1372 450 1422 tua
469 1367 578 1423 dicendi
598 1369 703 1423 ratione
717 1368 861 1422 maximam
875 1368 978 1422 contusi

114 1446 210 1507 uideo:
240 1447 310 1501 velle
339 1449 410 1501 enim
440 1447 541 1502 videris
568 1451 653 1502 totum
674 1447 777 1519 aliquid
798 1465 856 1501 esse
874 1450 978 1518 extra]

114 1544 177 1581 snas
196 1526 238 1595 vpi
259 1527 316 1580 sine
336 1526 408 1590 iltis,
428 1527 500 1598 quod
520 1527 630 1581 omnino
650 1527 797 1580 absurdum
816 1531 874 1590 est,
894 1543 978 1580 oum(

114 1605 267 1677 philosophi
298 1607 425 1660 unanime
453 1607 560 1669 dicant,
592 1611 679 1660 totum
711 1623 769 1659 esse
800 1604 946 1661 secundam
977 1625 978 1659 3

114 1704 191 1751 nem,
221 1693 249 1741 et
267 1690 295 1743 iu
315 1693 413 1742 natura
432 1687 534 1742 nuttam
555 1703 686 1741 asserem
707 1692 814 1755 praeter
833 1693 978 1755 conceptui

115 1784 240 1828 manum:
271 1774 428 1838 praeterea,
458 1769 499 1823 uti
528 1786 560 1822 ex
587 1765 710 1836 exempto
730 1769 778 1818 tuo
797 1765 942 1835 oonoipio,
974 1780 978 1814 i

114 1863 174 1901 oum
195 1864 276 1902 oaosa
296 1848 457 1913 contundis,
478 1865 555 1906 nam,
576 1847 617 1902 uti
633 1846 710 1910 dion,
730 1850 818 1900 totum
833 1845 942 1900 nonnisi
958 1863 978 1900 e:

115 1924 189 1980 tibus
218 1926 261 1979 vet
289 1945 336 1996 per
359 1931 449 1998 partes
477 1928 588 1987 existit:
618 1931 645 1978 et
674 1925 713 1978 sio
741 1924 792 1979 tibi
822 1925 876 1978 vim
897 1926 978 1996 cogit:

117 2009 246 2077 tanquam
272 2025 325 2060 rem
346 2008 442 2077 fingis,
462 2026 478 2061 a
497 2025 551 2080 qua
569 2005 686 2078 pendeat
705 2004 879 2069 intellectus,
899 2023 974 2058 amor

115 2101 164 2139 neo
182 2091 271 2140 totum
291 2085 365 2140 iilam
387 2087 526 2141 nominare
545 2091 637 2156 potes,
658 2083 705 2138 sed
725 2100 834 2139 oausam
856 2089 963 2138 tantum

116 2171 194 2219 tuum
214 2183 230 2218 a
249 2171 275 2219 te
291 2165 349 2236 jam
369 2166 577 2222 nominatorum.

153 2407 242 2460 Ratio.
283 2403 368 2458 Video
393 2404 450 2473 jam
470 2408 497 2456 te
516 2420 609 2457 omnes
627 2403 729 2457 amieos
748 2406 810 2455 tuos
829 2404 925 2456 oontra
945 2419 978 2454 mi

120 2501 231 2546 vocare,
261 2484 369 2555 itaque.
395 2482 467 2554 quod
488 2481 639 2536 rationibus
658 2482 714 2537 tuis
733 2481 809 2535 falsis
832 2482 928 2550 nequis
950 2480 978 2534 et

118 2564 168 2619 hoo
187 2564 329 2618 verborum
348 2567 458 2618 tuorum
477 2560 657 2632 ambiguitate
677 2561 779 2617 efficere
792 2560 915 2623 conaris,
938 2560 978 2614 uti

120 2645 237 2698 muniter
265 2642 307 2698 illi
326 2648 413 2714 agunt
431 2641 478 2713 qui
498 2641 608 2696 veritati
627 2659 656 2696 se
674 2645 824 2713 opponunt.
860 2641 919 2694 Neo
938 2657 978 2693 vei

118 2725 207 2779 medio
225 2723 366 2795 pervenies
385 2721 420 2776 ad
438 2722 566 2777 Amorem
586 2721 619 2775 ad
639 2727 666 2775 te
685 2719 857 2775 trahendum.
888 2717 966 2773 Dinis

119 2822 243 2870 oausam,
263 2804 363 2876 quippe
382 2821 452 2876 quae
471 2801 507 2857 sit
526 2802 665 2857 oausatrix
679 2800 842 2881 effectuum,
862 2803 939 2853 extra
953 2816 978 2853 e(
