<?xml version="1.0" encoding="UTF-8"?>
<!DOCTYPE html PUBLIC "-//W3C//DTD XHTML 1.0 Transitional//EN"
    "http://www.w3.org/TR/xhtml1/DTD/xhtml1-transitional.dtd">
<html xmlns="http://www.w3.org/1999/xhtml" xml:lang="en" lang="en">
 <head>
  <title>
</title>
<meta http-equiv="Content-Type" content="text/html;charset=utf-8" />
  <meta name='ocr-system' content='tesseract 3.04.00' />
  <meta name='ocr-capabilities' content='ocr_page ocr_carea ocr_par ocr_line ocrx_word'/>
</head>
<body>
  <div class='ocr_page' id='page_1' title='image "adbenedictidesp00spingoog_0094.png"; bbox 0 0 2354 3412; ppageno 0'>
   <div class='ocr_carea' id='block_1_1' title="bbox 566 91 606 150">
    <p class='ocr_par' dir='ltr' id='par_1_1' title="bbox 566 91 606 150">
     <span class='ocr_line' id='line_1_1' title="bbox 566 91 606 150; baseline 0 0"><span class='ocrx_word' id='word_1_1' title='bbox 566 91 606 150; x_wconf 83' lang='lat'><strong>84</strong></span> 
     </span>
    </p>
   </div>
   <div class='ocr_carea' id='block_1_2' title="bbox 360 302 846 539">
    <p class='ocr_par' dir='ltr' id='par_1_2' title="bbox 360 302 846 539">
     <span class='ocr_line' id='line_1_2' title="bbox 417 302 757 361; baseline 0.006 -2"><span class='ocrx_word' id='word_1_2' title='bbox 417 303 542 360; x_wconf 81' lang='lat' dir='ltr'><strong>CAPUT</strong></span> <span class='ocrx_word' id='word_1_3' title='bbox 566 302 757 361; x_wconf 82' lang='lat' dir='ltr'><strong>DECIMUM.</strong></span> 
     </span>
     <span class='ocr_line' id='line_1_3' title="bbox 360 463 846 539; baseline -0.008 -1"><span class='ocrx_word' id='word_1_4' title='bbox 360 495 433 539; x_wconf 74' lang='lat' dir='ltr'><strong>oum</strong></span> <span class='ocrx_word' id='word_1_5' title='bbox 450 496 494 535; x_wconf 85' lang='lat' dir='ltr'><strong>em</strong></span> <span class='ocrx_word' id='word_1_6' title='bbox 511 494 617 534; x_wconf 80' lang='lat' dir='ltr'><strong>nouum</strong></span> <span class='ocrx_word' id='word_1_7' title='bbox 634 495 669 535; x_wconf 85' lang='lat' dir='ltr'><strong>nr</strong></span> <span class='ocrx_word' id='word_1_8' title='bbox 686 495 803 535; x_wconf 77' lang='lat' dir='ltr'><strong>nauum.</strong></span> <span class='ocrx_word' id='word_1_9' title='bbox 844 463 846 467; x_wconf 37' lang='lat'>⁵</span> 
     </span>
    </p>
   </div>
   <div class='ocr_carea' id='block_1_3' title="bbox 110 653 960 1674">
    <p class='ocr_par' dir='ltr' id='par_1_3' title="bbox 110 653 960 1674">
     <span class='ocr_line' id='line_1_4' title="bbox 149 653 954 725; baseline -0.001 -15"><span class='ocrx_word' id='word_1_10' title='bbox 149 655 189 711; x_wconf 89' lang='lat' dir='ltr'><strong>Ut</strong></span> <span class='ocrx_word' id='word_1_11' title='bbox 203 654 320 711; x_wconf 88' lang='lat' dir='ltr'><strong>breviter</strong></span> <span class='ocrx_word' id='word_1_12' title='bbox 331 653 469 718; x_wconf 85' lang='lat' dir='ltr'><strong>dicamus,</strong></span> <span class='ocrx_word' id='word_1_13' title='bbox 483 653 549 725; x_wconf 89' lang='lat' dir='ltr'><strong>quid</strong></span> <span class='ocrx_word' id='word_1_14' title='bbox 562 653 591 708; x_wconf 93' lang='lat' dir='ltr'><strong>in</strong></span> <span class='ocrx_word' id='word_1_15' title='bbox 605 672 633 709; x_wconf 89' lang='lat' dir='ltr'><strong>se</strong></span> <span class='ocrx_word' id='word_1_16' title='bbox 644 655 681 712; x_wconf 83' lang='lat' dir='ltr'><strong>sit</strong></span> <span class='ocrx_word' id='word_1_17' title='bbox 691 655 791 711; x_wconf 90' lang='lat' dir='ltr'><strong>bonum</strong></span> <span class='ocrx_word' id='word_1_18' title='bbox 801 658 829 710; x_wconf 86' lang='lat' dir='ltr'><strong>et</strong></span> <span class='ocrx_word' id='word_1_19' title='bbox 839 653 954 718; x_wconf 87' lang='lat' dir='ltr'><strong>malum,</strong></span> 
     </span>
     <span class='ocr_line' id='line_1_5' title="bbox 112 734 960 806; baseline -0.002 -16"><span class='ocrx_word' id='word_1_20' title='bbox 112 734 286 790; x_wconf 84' lang='lat' dir='ltr'><strong>advertamus</strong></span> <span class='ocrx_word' id='word_1_21' title='bbox 312 734 444 806; x_wconf 85' lang='lat' dir='ltr'><strong>quaedam</strong></span> <span class='ocrx_word' id='word_1_22' title='bbox 472 752 531 789; x_wconf 84' lang='lat' dir='ltr'><strong>esse</strong></span> <span class='ocrx_word' id='word_1_23' title='bbox 556 734 586 788; x_wconf 93' lang='lat' dir='ltr'><strong>in</strong></span> <span class='ocrx_word' id='word_1_24' title='bbox 614 735 757 792; x_wconf 85' lang='lat' dir='ltr'><strong>intellectu</strong></span> <span class='ocrx_word' id='word_1_25' title='bbox 786 739 896 800; x_wconf 86' lang='lat' dir='ltr'><strong>nostro,</strong></span> <span class='ocrx_word' id='word_1_26' title='bbox 925 752 960 789; x_wconf 86' lang='lat' dir='ltr'><strong>ne</strong></span> 
     </span>
     <span class='ocr_line' id='line_1_6' title="bbox 112 813 960 887; baseline -0.001 -19"><span class='ocrx_word' id='word_1_27' title='bbox 112 813 205 869; x_wconf 89' lang='lat' dir='ltr'><strong>eodem</strong></span> <span class='ocrx_word' id='word_1_28' title='bbox 225 813 304 868; x_wconf 91' lang='lat' dir='ltr'><strong>modo</strong></span> <span class='ocrx_word' id='word_1_29' title='bbox 322 815 352 869; x_wconf 91' lang='lat' dir='ltr'><strong>in</strong></span> <span class='ocrx_word' id='word_1_30' title='bbox 371 817 483 876; x_wconf 78' lang='lat' dir='ltr'><strong>natura:</strong></span> <span class='ocrx_word' id='word_1_31' title='bbox 512 832 581 886; x_wconf 82' lang='lat' dir='ltr'><strong>quae</strong></span> <span class='ocrx_word' id='word_1_32' title='bbox 601 818 686 887; x_wconf 85' lang='lat' dir='ltr'><strong>igitur</strong></span> <span class='ocrx_word' id='word_1_33' title='bbox 704 816 786 870; x_wconf 85' lang='lat' dir='ltr'><strong>etiam</strong></span> <span class='ocrx_word' id='word_1_34' title='bbox 805 819 928 870; x_wconf 88' lang='lat' dir='ltr'><strong>nostrum</strong></span> <span class='ocrx_word' id='word_1_35' title='bbox 947 816 960 867; x_wconf 84' lang='lat' dir='ltr'><strong>t</strong></span> 
     </span>
     <span class='ocr_line' id='line_1_7' title="bbox 113 893 960 966; baseline 0 -18"><span class='ocrx_word' id='word_1_36' title='bbox 113 911 182 966; x_wconf 89' lang='lat' dir='ltr'><strong>opus</strong></span> <span class='ocrx_word' id='word_1_37' title='bbox 200 898 265 949; x_wconf 89' lang='lat' dir='ltr'><strong>suut</strong></span> <span class='ocrx_word' id='word_1_38' title='bbox 284 894 460 965; x_wconf 79' lang='lat' dir='ltr'><strong>serviuntque</strong></span> <span class='ocrx_word' id='word_1_39' title='bbox 475 897 583 952; x_wconf 87' lang='lat' dir='ltr'><strong>nonnisi</strong></span> <span class='ocrx_word' id='word_1_40' title='bbox 598 897 631 952; x_wconf 92' lang='lat' dir='ltr'><strong>ad</strong></span> <span class='ocrx_word' id='word_1_41' title='bbox 647 914 688 950; x_wconf 89' lang='lat' dir='ltr'><strong>res</strong></span> <span class='ocrx_word' id='word_1_42' title='bbox 702 895 832 950; x_wconf 83' lang='lat' dir='ltr'><strong>distincte</strong></span> <span class='ocrx_word' id='word_1_43' title='bbox 845 893 960 966; x_wconf 71' lang='lat' dir='ltr'><strong>intellige</strong></span> 
     </span>
     <span class='ocr_line' id='line_1_8' title="bbox 113 973 960 1046; baseline -0.001 -17"><span class='ocrx_word' id='word_1_44' title='bbox 113 973 185 1029; x_wconf 88' lang='lat' dir='ltr'><strong>inter</strong></span> <span class='ocrx_word' id='word_1_45' title='bbox 212 991 281 1045; x_wconf 85' lang='lat' dir='ltr'><strong>quae</strong></span> <span class='ocrx_word' id='word_1_46' title='bbox 310 973 438 1028; x_wconf 87' lang='lat' dir='ltr'><strong>habemus</strong></span> <span class='ocrx_word' id='word_1_47' title='bbox 456 991 549 1030; x_wconf 90' lang='lat' dir='ltr'><strong>omues</strong></span> <span class='ocrx_word' id='word_1_48' title='bbox 567 977 713 1032; x_wconf 79' lang='lat' dir='ltr'>relationes</span> <span class='ocrx_word' id='word_1_49' title='bbox 732 993 800 1046; x_wconf 91' lang='lat' dir='ltr'><strong>quae</strong></span> <span class='ocrx_word' id='word_1_50' title='bbox 819 974 854 1029; x_wconf 92' lang='lat' dir='ltr'><strong>ad</strong></span> <span class='ocrx_word' id='word_1_51' title='bbox 873 975 960 1028; x_wconf 85' lang='lat' dir='ltr'><strong>divers</strong></span> 
     </span>
     <span class='ocr_line' id='line_1_9' title="bbox 111 1053 959 1125; baseline 0 -18"><span class='ocrx_word' id='word_1_52' title='bbox 111 1053 265 1124; x_wconf 76' lang='lat' dir='ltr'><strong>pertinent,</strong></span> <span class='ocrx_word' id='word_1_53' title='bbox 284 1071 406 1125; x_wconf 88' lang='lat' dir='ltr'><strong>quaeque</strong></span> <span class='ocrx_word' id='word_1_54' title='bbox 425 1054 499 1108; x_wconf 88' lang='lat' dir='ltr'><strong>entia</strong></span> <span class='ocrx_word' id='word_1_55' title='bbox 518 1056 631 1113; x_wconf 83' lang='lat' dir='ltr'><strong>rationis</strong></span> <span class='ocrx_word' id='word_1_56' title='bbox 644 1056 822 1112; x_wconf 79' lang='lat' dir='ltr'><strong>nominamus.</strong></span> <span class='ocrx_word' id='word_1_57' title='bbox 842 1053 959 1114; x_wconf 75' lang='lat' dir='ltr'><strong>Quaerit</strong></span> 
     </span>
     <span class='ocr_line' id='line_1_10' title="bbox 111 1133 960 1199; baseline -0.002 -11"><span class='ocrx_word' id='word_1_58' title='bbox 111 1139 173 1199; x_wconf 91' lang='lat' dir='ltr'><strong>tur,</strong></span> <span class='ocrx_word' id='word_1_59' title='bbox 193 1151 258 1188; x_wconf 89' lang='lat' dir='ltr'><strong>num</strong></span> <span class='ocrx_word' id='word_1_60' title='bbox 279 1133 379 1187; x_wconf 88' lang='lat' dir='ltr'><strong>bonum</strong></span> <span class='ocrx_word' id='word_1_61' title='bbox 397 1137 425 1187; x_wconf 90' lang='lat' dir='ltr'><strong>et</strong></span> <span class='ocrx_word' id='word_1_62' title='bbox 444 1133 544 1188; x_wconf 90' lang='lat' dir='ltr'><strong>malum</strong></span> <span class='ocrx_word' id='word_1_63' title='bbox 562 1136 634 1191; x_wconf 88' lang='lat' dir='ltr'><strong>inter</strong></span> <span class='ocrx_word' id='word_1_64' title='bbox 648 1135 722 1190; x_wconf 81' lang='lat' dir='ltr'><strong>entia</strong></span> <span class='ocrx_word' id='word_1_65' title='bbox 740 1134 855 1189; x_wconf 89' lang='lat' dir='ltr'><strong>rationis</strong></span> <span class='ocrx_word' id='word_1_66' title='bbox 873 1151 909 1187; x_wconf 88' lang='lat' dir='ltr'><strong>an</strong></span> <span class='ocrx_word' id='word_1_67' title='bbox 922 1133 960 1187; x_wconf 86' lang='lat' dir='ltr'><strong>inl</strong></span> 
     </span>
     <span class='ocr_line' id='line_1_11' title="bbox 110 1211 960 1271; baseline 0 -5"><span class='ocrx_word' id='word_1_68' title='bbox 110 1213 151 1267; x_wconf 88' lang='lat' dir='ltr'><strong>tie</strong></span> <span class='ocrx_word' id='word_1_69' title='bbox 169 1213 254 1267; x_wconf 86' lang='lat' dir='ltr'><strong>realia</strong></span> <span class='ocrx_word' id='word_1_70' title='bbox 272 1212 419 1269; x_wconf 86' lang='lat' dir='ltr'><strong>referenda.</strong></span> <span class='ocrx_word' id='word_1_71' title='bbox 443 1212 510 1267; x_wconf 84' lang='lat' dir='ltr'><strong>Cum</strong></span> <span class='ocrx_word' id='word_1_72' title='bbox 531 1232 595 1270; x_wconf 88' lang='lat' dir='ltr'><strong>vero</strong></span> <span class='ocrx_word' id='word_1_73' title='bbox 613 1215 713 1271; x_wconf 91' lang='lat' dir='ltr'><strong>bonum</strong></span> <span class='ocrx_word' id='word_1_74' title='bbox 733 1221 760 1269; x_wconf 85' lang='lat' dir='ltr'><strong>et</strong></span> <span class='ocrx_word' id='word_1_75' title='bbox 779 1215 880 1268; x_wconf 88' lang='lat' dir='ltr'><strong>malum</strong></span> <span class='ocrx_word' id='word_1_76' title='bbox 898 1211 960 1268; x_wconf 83' lang='lat' dir='ltr'><strong>nihi]</strong></span> 
     </span>
     <span class='ocr_line' id='line_1_12' title="bbox 111 1290 960 1363; baseline 0 -17"><span class='ocrx_word' id='word_1_77' title='bbox 111 1293 148 1346; x_wconf 90' lang='lat' dir='ltr'><strong>sit</strong></span> <span class='ocrx_word' id='word_1_78' title='bbox 174 1309 255 1363; x_wconf 90' lang='lat' dir='ltr'><strong>quam</strong></span> <span class='ocrx_word' id='word_1_79' title='bbox 283 1290 394 1352; x_wconf 88' lang='lat' dir='ltr'><strong>relatio,</strong></span> <span class='ocrx_word' id='word_1_80' title='bbox 427 1296 503 1346; x_wconf 83' lang='lat' dir='ltr'><strong>extra</strong></span> <span class='ocrx_word' id='word_1_81' title='bbox 531 1295 644 1350; x_wconf 91' lang='lat' dir='ltr'><strong>dubium</strong></span> <span class='ocrx_word' id='word_1_82' title='bbox 673 1299 715 1350; x_wconf 88' lang='lat' dir='ltr'><strong>est</strong></span> <span class='ocrx_word' id='word_1_83' title='bbox 744 1313 775 1349; x_wconf 87' lang='lat' dir='ltr'><strong>ea</strong></span> <span class='ocrx_word' id='word_1_84' title='bbox 803 1296 875 1349; x_wconf 88' lang='lat' dir='ltr'><strong>inter</strong></span> <span class='ocrx_word' id='word_1_85' title='bbox 896 1292 960 1347; x_wconf 72' lang='lat' dir='ltr'><strong>entis</strong></span> 
     </span>
     <span class='ocr_line' id='line_1_13' title="bbox 110 1371 960 1445; baseline -0.001 -19"><span class='ocrx_word' id='word_1_86' title='bbox 110 1372 172 1426; x_wconf 91' lang='lat' dir='ltr'><strong>ouis</strong></span> <span class='ocrx_word' id='word_1_87' title='bbox 201 1390 259 1426; x_wconf 88' lang='lat' dir='ltr'><strong>esse</strong></span> <span class='ocrx_word' id='word_1_88' title='bbox 284 1371 424 1443; x_wconf 85' lang='lat' dir='ltr'><strong>ponenda;</strong></span> <span class='ocrx_word' id='word_1_89' title='bbox 453 1389 590 1444; x_wconf 89' lang='lat' dir='ltr'><strong>nunquam</strong></span> <span class='ocrx_word' id='word_1_90' title='bbox 619 1375 690 1429; x_wconf 86' lang='lat' dir='ltr'><strong>enim</strong></span> <span class='ocrx_word' id='word_1_91' title='bbox 710 1373 815 1445; x_wconf 86' lang='lat' dir='ltr'><strong>aliquid</strong></span> <span class='ocrx_word' id='word_1_92' title='bbox 834 1373 960 1427; x_wconf 67' lang='lat' dir='ltr'><strong>bonum«</strong></span> 
     </span>
     <span class='ocr_line' id='line_1_14' title="bbox 111 1449 959 1522; baseline -0.004 -15"><span class='ocrx_word' id='word_1_93' title='bbox 111 1452 166 1508; x_wconf 86' lang='lat' dir='ltr'><strong>nisi</strong></span> <span class='ocrx_word' id='word_1_94' title='bbox 194 1452 310 1506; x_wconf 84' lang='lat' dir='ltr'><strong>relatum</strong></span> <span class='ocrx_word' id='word_1_95' title='bbox 339 1451 374 1506; x_wconf 83' lang='lat' dir='ltr'><strong>ed</strong></span> <span class='ocrx_word' id='word_1_96' title='bbox 398 1451 475 1505; x_wconf 88' lang='lat' dir='ltr'><strong>aliud</strong></span> <span class='ocrx_word' id='word_1_97' title='bbox 493 1453 574 1522; x_wconf 89' lang='lat' dir='ltr'><strong>quid;</strong></span> <span class='ocrx_word' id='word_1_98' title='bbox 603 1453 642 1508; x_wconf 85' lang='lat' dir='ltr'><strong>sio</strong></span> <span class='ocrx_word' id='word_1_99' title='bbox 661 1453 763 1508; x_wconf 88' lang='lat' dir='ltr'><strong>dicitur</strong></span> <span class='ocrx_word' id='word_1_100' title='bbox 784 1451 863 1506; x_wconf 91' lang='lat' dir='ltr'><strong>homo</strong></span> <span class='ocrx_word' id='word_1_101' title='bbox 886 1449 959 1505; x_wconf 88' lang='lat' dir='ltr'><strong>maln</strong></span> 
     </span>
     <span class='ocr_line' id='line_1_15' title="bbox 113 1529 960 1604; baseline -0.002 -18"><span class='ocrx_word' id='word_1_102' title='bbox 113 1550 168 1586; x_wconf 92' lang='lat' dir='ltr'><strong>non</strong></span> <span class='ocrx_word' id='word_1_103' title='bbox 188 1532 269 1586; x_wconf 86' lang='lat' dir='ltr'><strong>aliter</strong></span> <span class='ocrx_word' id='word_1_104' title='bbox 287 1549 367 1603; x_wconf 91' lang='lat' dir='ltr'><strong>quam</strong></span> <span class='ocrx_word' id='word_1_105' title='bbox 387 1530 490 1585; x_wconf 86' lang='lat' dir='ltr'><strong>relatus</strong></span> <span class='ocrx_word' id='word_1_106' title='bbox 508 1531 543 1585; x_wconf 87' lang='lat' dir='ltr'><strong>ad</strong></span> <span class='ocrx_word' id='word_1_107' title='bbox 565 1532 648 1587; x_wconf 84' lang='lat' dir='ltr'><strong>alium</strong></span> <span class='ocrx_word' id='word_1_108' title='bbox 669 1532 828 1604; x_wconf 88' lang='lat' dir='ltr'><strong>quemdam,</strong></span> <span class='ocrx_word' id='word_1_109' title='bbox 848 1529 892 1584; x_wconf 88' lang='lat' dir='ltr'><strong>vel</strong></span> <span class='ocrx_word' id='word_1_110' title='bbox 914 1531 960 1584; x_wconf 75' lang='lat' dir='ltr'><strong>etit</strong></span> 
     </span>
     <span class='ocr_line' id='line_1_16' title="bbox 112 1609 960 1674; baseline -0.005 -8"><span class='ocrx_word' id='word_1_111' title='bbox 112 1630 186 1666; x_wconf 90' lang='lat' dir='ltr'><strong>mum</strong></span> <span class='ocrx_word' id='word_1_112' title='bbox 214 1613 316 1667; x_wconf 90' lang='lat' dir='ltr'><strong>malum</strong></span> <span class='ocrx_word' id='word_1_113' title='bbox 344 1630 419 1674; x_wconf 87' lang='lat' dir='ltr'><strong>esse,</strong></span> <span class='ocrx_word' id='word_1_114' title='bbox 448 1611 560 1666; x_wconf 87' lang='lat' dir='ltr'><strong>relative</strong></span> <span class='ocrx_word' id='word_1_115' title='bbox 588 1613 622 1667; x_wconf 92' lang='lat' dir='ltr'><strong>ad</strong></span> <span class='ocrx_word' id='word_1_116' title='bbox 650 1612 726 1667; x_wconf 85' lang='lat' dir='ltr'><strong>aliud</strong></span> <span class='ocrx_word' id='word_1_117' title='bbox 759 1612 858 1666; x_wconf 91' lang='lat' dir='ltr'><strong>bonum</strong></span> <span class='ocrx_word' id='word_1_118' title='bbox 879 1609 960 1663; x_wconf 88' lang='lat' dir='ltr'><strong>veln</strong></span> 
     </span>
    </p>
   </div>
   <div class='ocr_carea' id='block_1_4' title="bbox 111 1689 960 2245">
    <p class='ocr_par' dir='ltr' id='par_1_4' title="bbox 111 1689 960 2245">
     <span class='ocr_line' id='line_1_17' title="bbox 111 1689 960 1765; baseline -0.007 -19"><span class='ocrx_word' id='word_1_119' title='bbox 111 1697 191 1754; x_wconf 74' lang='lat' dir='ltr'><strong>Quae</strong></span> <span class='ocrx_word' id='word_1_120' title='bbox 209 1694 301 1749; x_wconf 91' lang='lat' dir='ltr'><strong>omnia</strong></span> <span class='ocrx_word' id='word_1_121' title='bbox 319 1694 373 1749; x_wconf 85' lang='lat' dir='ltr'><strong>diei</strong></span> <span class='ocrx_word' id='word_1_122' title='bbox 392 1693 550 1765; x_wconf 86' lang='lat' dir='ltr'><strong>nequirent,</strong></span> <span class='ocrx_word' id='word_1_123' title='bbox 572 1693 595 1748; x_wconf 88' lang='lat' dir='ltr'><strong>si</strong></span> <span class='ocrx_word' id='word_1_124' title='bbox 614 1691 711 1746; x_wconf 90' lang='lat' dir='ltr'><strong>melius</strong></span> <span class='ocrx_word' id='word_1_125' title='bbox 729 1690 772 1745; x_wconf 90' lang='lat' dir='ltr'><strong>vel</strong></span> <span class='ocrx_word' id='word_1_126' title='bbox 790 1689 893 1744; x_wconf 91' lang='lat' dir='ltr'><strong>bonum</strong></span> <span class='ocrx_word' id='word_1_127' title='bbox 911 1689 960 1744; x_wconf 85' lang='lat' dir='ltr'><strong>istu</strong></span> 
     </span>
     <span class='ocr_line' id='line_1_18' title="bbox 111 1767 960 1843; baseline -0.006 -17"><span class='ocrx_word' id='word_1_128' title='bbox 111 1777 184 1827; x_wconf 88' lang='lat' dir='ltr'><strong>esset</strong></span> <span class='ocrx_word' id='word_1_129' title='bbox 201 1773 256 1829; x_wconf 87' lang='lat' dir='ltr'><strong>tale</strong></span> <span class='ocrx_word' id='word_1_130' title='bbox 275 1773 389 1828; x_wconf 86' lang='lat' dir='ltr'><strong>relative</strong></span> <span class='ocrx_word' id='word_1_131' title='bbox 407 1774 442 1827; x_wconf 86' lang='lat' dir='ltr'><strong>ad</strong></span> <span class='ocrx_word' id='word_1_132' title='bbox 460 1771 488 1826; x_wconf 92' lang='lat' dir='ltr'><strong>id</strong></span> <span class='ocrx_word' id='word_1_133' title='bbox 507 1773 579 1843; x_wconf 91' lang='lat' dir='ltr'><strong>quod</strong></span> <span class='ocrx_word' id='word_1_134' title='bbox 593 1771 632 1826; x_wconf 86' lang='lat' dir='ltr'><strong>sie</strong></span> <span class='ocrx_word' id='word_1_135' title='bbox 645 1771 755 1826; x_wconf 85' lang='lat' dir='ltr'><strong>dicitur.</strong></span> <span class='ocrx_word' id='word_1_136' title='bbox 787 1769 832 1824; x_wconf 95' lang='lat' dir='ltr'><strong>Ita</strong></span> <span class='ocrx_word' id='word_1_137' title='bbox 845 1772 893 1831; x_wconf 89' lang='lat' dir='ltr'><strong>ut,</strong></span> <span class='ocrx_word' id='word_1_138' title='bbox 914 1767 960 1822; x_wconf 82' lang='lat' dir='ltr'><strong>sia</strong></span> 
     </span>
     <span class='ocr_line' id='line_1_19' title="bbox 112 1849 960 1920; baseline -0.008 -13"><span class='ocrx_word' id='word_1_139' title='bbox 112 1853 221 1908; x_wconf 88' lang='lat' dir='ltr'><strong>nomine</strong></span> <span class='ocrx_word' id='word_1_140' title='bbox 239 1852 303 1908; x_wconf 91' lang='lat' dir='ltr'><strong>boni</strong></span> <span class='ocrx_word' id='word_1_141' title='bbox 323 1853 492 1913; x_wconf 87' lang='lat' dir='ltr'><strong>nominatur,</strong></span> <span class='ocrx_word' id='word_1_142' title='bbox 519 1852 569 1907; x_wconf 87' lang='lat' dir='ltr'><strong>hoc</strong></span> <span class='ocrx_word' id='word_1_143' title='bbox 588 1851 657 1907; x_wconf 91' lang='lat' dir='ltr'><strong>nihil</strong></span> <span class='ocrx_word' id='word_1_144' title='bbox 677 1850 751 1905; x_wconf 90' lang='lat' dir='ltr'><strong>aliud</strong></span> <span class='ocrx_word' id='word_1_145' title='bbox 771 1849 907 1920; x_wconf 87' lang='lat' dir='ltr'><strong>significet</strong></span> <span class='ocrx_word' id='word_1_146' title='bbox 924 1864 960 1918; x_wconf 92' lang='lat' dir='ltr'><strong>qu</strong></span> 
     </span>
     <span class='ocr_line' id='line_1_20' title="bbox 112 1926 960 2002; baseline -0.008 -14"><span class='ocrx_word' id='word_1_147' title='bbox 112 1933 160 1988; x_wconf 91' lang='lat' dir='ltr'><strong>lud</strong></span> <span class='ocrx_word' id='word_1_148' title='bbox 179 1934 324 1989; x_wconf 87' lang='lat' dir='ltr'><strong>convenire</strong></span> <span class='ocrx_word' id='word_1_149' title='bbox 344 1950 404 1988; x_wconf 86' lang='lat' dir='ltr'><strong>oum</strong></span> <span class='ocrx_word' id='word_1_150' title='bbox 423 1932 484 1986; x_wconf 91' lang='lat' dir='ltr'><strong>idea</strong></span> <span class='ocrx_word' id='word_1_151' title='bbox 502 1931 638 2002; x_wconf 85' lang='lat' dir='ltr'><strong>generali,</strong></span> <span class='ocrx_word' id='word_1_152' title='bbox 660 1947 740 2002; x_wconf 89' lang='lat' dir='ltr'><strong>quam</strong></span> <span class='ocrx_word' id='word_1_153' title='bbox 753 1930 786 1982; x_wconf 89' lang='lat' dir='ltr'><strong>de</strong></span> <span class='ocrx_word' id='word_1_154' title='bbox 799 1927 903 1982; x_wconf 87' lang='lat' dir='ltr'><strong>talibus</strong></span> <span class='ocrx_word' id='word_1_155' title='bbox 915 1926 960 1981; x_wconf 86' lang='lat' dir='ltr'><strong>reb</strong></span> 
     </span>
     <span class='ocr_line' id='line_1_21' title="bbox 115 2008 960 2083; baseline -0.007 -16"><span class='ocrx_word' id='word_1_156' title='bbox 115 2014 223 2074; x_wconf 80' lang='lat' dir='ltr'><strong>bemus:</strong></span> <span class='ocrx_word' id='word_1_157' title='bbox 244 2030 307 2068; x_wconf 91' lang='lat' dir='ltr'><strong>cum</strong></span> <span class='ocrx_word' id='word_1_158' title='bbox 325 2017 415 2067; x_wconf 88' lang='lat' dir='ltr'><strong>tamen</strong></span> <span class='ocrx_word' id='word_1_159' title='bbox 435 2029 556 2083; x_wconf 79' lang='lat' dir='ltr'><strong>quaeque</strong></span> <span class='ocrx_word' id='word_1_160' title='bbox 575 2029 617 2066; x_wconf 90' lang='lat' dir='ltr'><strong>res</strong></span> <span class='ocrx_word' id='word_1_161' title='bbox 636 2010 780 2066; x_wconf 87' lang='lat' dir='ltr'><strong>convenire</strong></span> <span class='ocrx_word' id='word_1_162' title='bbox 799 2008 898 2062; x_wconf 85' lang='lat' dir='ltr'><strong>debeat</strong></span> <span class='ocrx_word' id='word_1_163' title='bbox 915 2024 960 2062; x_wconf 86' lang='lat' dir='ltr'><strong>our</strong></span> 
     </span>
     <span class='ocr_line' id='line_1_22' title="bbox 113 2086 960 2164; baseline -0.009 -16"><span class='ocrx_word' id='word_1_164' title='bbox 113 2112 162 2149; x_wconf 83' lang='lat' dir='ltr'><strong>sua</strong></span> <span class='ocrx_word' id='word_1_165' title='bbox 181 2092 355 2164; x_wconf 84' lang='lat' dir='ltr'><strong>particulari,</strong></span> <span class='ocrx_word' id='word_1_166' title='bbox 376 2091 455 2162; x_wconf 83' lang='lat' dir='ltr'><strong>cujus</strong></span> <span class='ocrx_word' id='word_1_167' title='bbox 473 2110 532 2147; x_wconf 87' lang='lat' dir='ltr'><strong>esse</strong></span> <span class='ocrx_word' id='word_1_168' title='bbox 550 2091 668 2146; x_wconf 83' lang='lat' dir='ltr'><strong>essentia</strong></span> <span class='ocrx_word' id='word_1_169' title='bbox 686 2090 805 2162; x_wconf 86' lang='lat' dir='ltr'><strong>perfecta</strong></span> <span class='ocrx_word' id='word_1_170' title='bbox 818 2105 875 2142; x_wconf 85' lang='lat' dir='ltr'><strong>esso</strong></span> <span class='ocrx_word' id='word_1_171' title='bbox 888 2086 960 2141; x_wconf 60' lang='lat' dir='ltr'><strong>debe*</strong></span> 
     </span>
     <span class='ocr_line' id='line_1_23' title="bbox 112 2163 960 2245; baseline -0.012 -17"><span class='ocrx_word' id='word_1_172' title='bbox 112 2191 175 2229; x_wconf 86' lang='lat' dir='ltr'><strong>cum</strong></span> <span class='ocrx_word' id='word_1_173' title='bbox 191 2171 364 2245; x_wconf 79' lang='lat' dir='ltr'><strong>generalibus</strong></span> <span class='ocrx_word' id='word_1_174' title='bbox 383 2172 493 2242; x_wconf 89' lang='lat' dir='ltr'><strong>(ideis),</strong></span> <span class='ocrx_word' id='word_1_175' title='bbox 513 2171 577 2243; x_wconf 92' lang='lat' dir='ltr'><strong>quia</strong></span> <span class='ocrx_word' id='word_1_176' title='bbox 595 2175 662 2225; x_wconf 88' lang='lat' dir='ltr'><strong>tuuc</strong></span> <span class='ocrx_word' id='word_1_177' title='bbox 680 2168 790 2223; x_wconf 88' lang='lat' dir='ltr'><strong>omuino</strong></span> <span class='ocrx_word' id='word_1_178' title='bbox 809 2183 862 2220; x_wconf 93' lang='lat' dir='ltr'><strong>non</strong></span> <span class='ocrx_word' id='word_1_179' title='bbox 882 2163 960 2220; x_wconf 64' lang='lat' dir='ltr'><strong>existi</strong></span> 
     </span>
    </p>
   </div>
   <div class='ocr_carea' id='block_1_5' title="bbox 111 2798 960 3019">
    <p class='ocr_par' dir='ltr' id='par_1_5' title="bbox 111 2798 960 3019">
     <span class='ocr_line' id='line_1_24' title="bbox 152 2798 960 2872; baseline -0.007 -15"><span class='ocrx_word' id='word_1_180' title='bbox 152 2801 197 2858; x_wconf 89' lang='lat' dir='ltr'><strong>Ad</strong></span> <span class='ocrx_word' id='word_1_181' title='bbox 224 2801 410 2857; x_wconf 88' lang='lat' dir='ltr'><strong>affirmandum</strong></span> <span class='ocrx_word' id='word_1_182' title='bbox 429 2801 457 2854; x_wconf 92' lang='lat' dir='ltr'><strong>id</strong></span> <span class='ocrx_word' id='word_1_183' title='bbox 476 2800 549 2872; x_wconf 89' lang='lat' dir='ltr'><strong>quod</strong></span> <span class='ocrx_word' id='word_1_184' title='bbox 570 2798 703 2861; x_wconf 85' lang='lat' dir='ltr'><strong>diximus,</strong></span> <span class='ocrx_word' id='word_1_185' title='bbox 733 2813 896 2869; x_wconf 87' lang='lat' dir='ltr'><strong>quamquam</strong></span> <span class='ocrx_word' id='word_1_186' title='bbox 914 2812 960 2851; x_wconf 86' lang='lat' dir='ltr'><strong>res</strong></span> 
     </span>
     <span class='ocr_line' id='line_1_25' title="bbox 111 2875 960 2957; baseline -0.015 -18"><span class='ocrx_word' id='word_1_187' title='bbox 111 2883 233 2957; x_wconf 86' lang='lat' dir='ltr'><strong>perclara</strong></span> <span class='ocrx_word' id='word_1_188' title='bbox 252 2883 302 2945; x_wconf 89' lang='lat' dir='ltr'><strong>sit,</strong></span> <span class='ocrx_word' id='word_1_189' title='bbox 325 2881 455 2936; x_wconf 84' lang='lat' dir='ltr'><strong>addemus</strong></span> <span class='ocrx_word' id='word_1_190' title='bbox 473 2879 562 2934; x_wconf 85' lang='lat' dir='ltr'><strong>adhuc</strong></span> <span class='ocrx_word' id='word_1_191' title='bbox 580 2881 739 2950; x_wconf 85' lang='lat' dir='ltr'><strong>argumenta</strong></span> <span class='ocrx_word' id='word_1_192' title='bbox 757 2875 916 2948; x_wconf 85' lang='lat' dir='ltr'><strong>sequentia,</strong></span> <span class='ocrx_word' id='word_1_193' title='bbox 937 2893 960 2932; x_wconf 63' lang='lat' dir='ltr'><strong>a&lt;</strong></span> 
     </span>
     <span class='ocr_line' id='line_1_26' title="bbox 112 2962 329 3019; baseline -0.018 0"><span class='ocrx_word' id='word_1_194' title='bbox 112 2962 329 3019; x_wconf 77' lang='lat' dir='ltr'><strong>conclusionem:</strong></span> 
     </span>
    </p>
   </div>
   <div class='ocr_carea' id='block_1_6' title="bbox 0 0 1182 3412">
    <p class='ocr_par' dir='ltr' id='par_1_6' title="bbox 0 0 1182 3412">
     <span class='ocr_line' id='line_1_27' title="bbox 0 0 1182 3412; baseline 0 0"><span class='ocrx_word' id='word_1_195' title='bbox 0 0 1182 3412; x_wconf 95' lang='lat' dir='ltr'><strong> </strong></span> 
     </span>
    </p>
   </div>
  </div>
 </body>
</html>
