<?xml version="1.0" encoding="UTF-8"?>
<!DOCTYPE html PUBLIC "-//W3C//DTD XHTML 1.0 Transitional//EN"
    "http://www.w3.org/TR/xhtml1/DTD/xhtml1-transitional.dtd">
<html xmlns="http://www.w3.org/1999/xhtml" xml:lang="en" lang="en">
 <head>
  <title>
</title>
<meta http-equiv="Content-Type" content="text/html;charset=utf-8" />
  <meta name='ocr-system' content='tesseract 3.04.00' />
  <meta name='ocr-capabilities' content='ocr_page ocr_carea ocr_par ocr_line ocrx_word'/>
</head>
<body>
  <div class='ocr_page' id='page_1' title='image "adbenedictidesp00spingoog_0098.png"; bbox 0 0 2354 3412; ppageno 0'>
   <div class='ocr_carea' id='block_1_1' title="bbox 347 505 927 588">
    <p class='ocr_par' dir='ltr' id='par_1_1' title="bbox 347 505 927 588">
     <span class='ocr_line' id='line_1_1' title="bbox 347 505 927 588; baseline 0 0"><span class='ocrx_word' id='word_1_1' title='bbox 347 506 511 588; x_wconf 84' lang='lat' dir='ltr'>PARS</span> <span class='ocrx_word' id='word_1_2' title='bbox 549 505 927 588; x_wconf 84' lang='lat' dir='ltr'><strong>POSTERIOR.</strong></span> 
     </span>
    </p>
   </div>
   <div class='ocr_carea' id='block_1_2' title="bbox 491 994 792 1052">
    <p class='ocr_par' dir='ltr' id='par_1_2' title="bbox 491 994 792 1052">
     <span class='ocr_line' id='line_1_2' title="bbox 491 994 792 1052; baseline 0.007 -2"><span class='ocrx_word' id='word_1_3' title='bbox 491 994 792 1052; x_wconf 71' lang='lat' dir='ltr'><strong>PRAEFATIO.</strong></span> 
     </span>
    </p>
   </div>
   <div class='ocr_carea' id='block_1_3' title="bbox 172 1200 1177 1834">
    <p class='ocr_par' dir='ltr' id='par_1_3' title="bbox 172 1200 1177 1834">
     <span class='ocr_line' id='line_1_3' title="bbox 205 1200 1114 1274; baseline 0.003 -18"><span class='ocrx_word' id='word_1_4' title='bbox 205 1200 275 1256; x_wconf 82' lang='lat' dir='ltr'><strong>Cum</strong></span> <span class='ocrx_word' id='word_1_5' title='bbox 302 1201 331 1256; x_wconf 90' lang='lat' dir='ltr'><strong>iu</strong></span> <span class='ocrx_word' id='word_1_6' title='bbox 349 1203 425 1273; x_wconf 86' lang='lat' dir='ltr'><strong>parte</strong></span> <span class='ocrx_word' id='word_1_7' title='bbox 443 1201 527 1273; x_wconf 87' lang='lat' dir='ltr'>priori</span> <span class='ocrx_word' id='word_1_8' title='bbox 546 1201 580 1256; x_wconf 89' lang='lat' dir='ltr'><strong>de</strong></span> <span class='ocrx_word' id='word_1_9' title='bbox 598 1201 657 1258; x_wconf 88' lang='lat' dir='ltr'><strong>Deo</strong></span> <span class='ocrx_word' id='word_1_10' title='bbox 676 1201 809 1274; x_wconf 78' lang='lat' dir='ltr'>rebusque</span> <span class='ocrx_word' id='word_1_11' title='bbox 828 1201 1005 1274; x_wconf 76' lang='lat' dir='ltr'><strong>generalibus</strong></span> <span class='ocrx_word' id='word_1_12' title='bbox 1023 1205 1052 1258; x_wconf 90' lang='lat' dir='ltr'><strong>et</strong></span> <span class='ocrx_word' id='word_1_13' title='bbox 1074 1203 1114 1259; x_wconf 92' lang='lat' dir='ltr'><strong>iu·</strong></span> 
     </span>
     <span class='ocr_line' id='line_1_4' title="bbox 172 1270 1177 1354; baseline 0.004 -18"><span class='ocrx_word' id='word_1_14' title='bbox 172 1279 256 1336; x_wconf 87' lang='lat' dir='ltr'><strong>finitis</strong></span> <span class='ocrx_word' id='word_1_15' title='bbox 274 1280 437 1345; x_wconf 83' lang='lat' dir='ltr'><strong>dixerimus,</strong></span> <span class='ocrx_word' id='word_1_16' title='bbox 458 1281 486 1335; x_wconf 91' lang='lat' dir='ltr'><strong>in</strong></span> <span class='ocrx_word' id='word_1_17' title='bbox 505 1285 582 1352; x_wconf 88' lang='lat' dir='ltr'><strong>parta</strong></span> <span class='ocrx_word' id='word_1_18' title='bbox 602 1281 683 1337; x_wconf 84' lang='lat' dir='ltr'><strong>haeae</strong></span> <span class='ocrx_word' id='word_1_19' title='bbox 697 1282 845 1352; x_wconf 87' lang='lat' dir='ltr'><strong>posteriore</strong></span> <span class='ocrx_word' id='word_1_20' title='bbox 857 1282 890 1337; x_wconf 85' lang='lat' dir='ltr'><strong>de</strong></span> <span class='ocrx_word' id='word_1_21' title='bbox 903 1281 984 1338; x_wconf 85' lang='lat' dir='ltr'><strong>rebus</strong></span> <span class='ocrx_word' id='word_1_22' title='bbox 998 1283 1118 1354; x_wconf 83' lang='lat' dir='ltr'><strong>partiou-</strong></span> <span class='ocrx_word' id='word_1_23' title='bbox 1163 1270 1177 1321; x_wconf 76' lang='grc' dir='ltr'>Ι</span> 
     </span>
     <span class='ocr_line' id='line_1_5' title="bbox 175 1359 1118 1435; baseline 0.005 -21"><span class='ocrx_word' id='word_1_24' title='bbox 175 1359 276 1414; x_wconf 86' lang='lat' dir='ltr'><strong>laribus</strong></span> <span class='ocrx_word' id='word_1_25' title='bbox 303 1364 331 1414; x_wconf 87' lang='lat' dir='ltr'><strong>at</strong></span> <span class='ocrx_word' id='word_1_26' title='bbox 349 1360 434 1417; x_wconf 87' lang='lat' dir='ltr'><strong>finitis</strong></span> <span class='ocrx_word' id='word_1_27' title='bbox 452 1361 646 1425; x_wconf 79' lang='lat' dir='ltr'><strong>tractabimus,</strong></span> <span class='ocrx_word' id='word_1_28' title='bbox 676 1378 731 1417; x_wconf 88' lang='lat' dir='ltr'><strong>uon</strong></span> <span class='ocrx_word' id='word_1_29' title='bbox 750 1379 814 1417; x_wconf 87' lang='lat' dir='ltr'><strong>vero</strong></span> <span class='ocrx_word' id='word_1_30' title='bbox 832 1361 865 1416; x_wconf 87' lang='lat' dir='ltr'><strong>de</strong></span> <span class='ocrx_word' id='word_1_31' title='bbox 883 1361 1025 1427; x_wconf 88' lang='lat' dir='ltr'><strong>omnibus,</strong></span> <span class='ocrx_word' id='word_1_32' title='bbox 1053 1363 1118 1435; x_wconf 78' lang='lat' dir='ltr'><strong>quia</strong></span> 
     </span>
     <span class='ocr_line' id='line_1_6' title="bbox 175 1438 1118 1514; baseline 0.005 -22"><span class='ocrx_word' id='word_1_33' title='bbox 175 1438 385 1494; x_wconf 87' lang='lat' dir='ltr'><strong>innumerabiles</strong></span> <span class='ocrx_word' id='word_1_34' title='bbox 404 1442 485 1504; x_wconf 89' lang='lat' dir='ltr'><strong>sunt,</strong></span> <span class='ocrx_word' id='word_1_35' title='bbox 505 1439 551 1494; x_wconf 85' lang='lat' dir='ltr'><strong>sed</strong></span> <span class='ocrx_word' id='word_1_36' title='bbox 569 1439 604 1494; x_wconf 88' lang='lat' dir='ltr'><strong>de</strong></span> <span class='ocrx_word' id='word_1_37' title='bbox 622 1439 656 1496; x_wconf 89' lang='lat' dir='ltr'><strong>iis</strong></span> <span class='ocrx_word' id='word_1_38' title='bbox 675 1445 783 1497; x_wconf 88' lang='lat' dir='ltr'><strong>tantum</strong></span> <span class='ocrx_word' id='word_1_39' title='bbox 806 1459 917 1512; x_wconf 79' lang='lat' dir='ltr'><strong>agemus</strong></span> <span class='ocrx_word' id='word_1_40' title='bbox 935 1459 1005 1514; x_wconf 83' lang='lat' dir='ltr'><strong>quae</strong></span> <span class='ocrx_word' id='word_1_41' title='bbox 1023 1441 1059 1498; x_wconf 83' lang='lat' dir='ltr'><strong>ud</strong></span> <span class='ocrx_word' id='word_1_42' title='bbox 1073 1442 1118 1497; x_wconf 89' lang='lat' dir='ltr'><strong>bo·</strong></span> 
     </span>
     <span class='ocr_line' id='line_1_7' title="bbox 174 1518 1164 1592; baseline 0.003 -20"><span class='ocrx_word' id='word_1_43' title='bbox 174 1519 273 1573; x_wconf 83' lang='lat' dir='ltr'><strong>minem</strong></span> <span class='ocrx_word' id='word_1_44' title='bbox 301 1519 447 1589; x_wconf 84' lang='lat' dir='ltr'><strong>pertinent.</strong></span> <span class='ocrx_word' id='word_1_45' title='bbox 485 1518 583 1591; x_wconf 87' lang='lat' dir='ltr'><strong>lbique</strong></span> <span class='ocrx_word' id='word_1_46' title='bbox 612 1521 728 1590; x_wconf 88' lang='lat' dir='ltr'><strong>primum</strong></span> <span class='ocrx_word' id='word_1_47' title='bbox 758 1520 1018 1584; x_wconf 86' lang='lat' dir='ltr'><strong>animadvertemus,</strong></span> <span class='ocrx_word' id='word_1_48' title='bbox 1052 1519 1117 1592; x_wconf 78' lang='lat' dir='ltr'><strong>quid</strong></span> <span class='ocrx_word' id='word_1_49' title='bbox 1152 1519 1164 1544; x_wconf 70' lang='grc'><strong>’·</strong></span> 
     </span>
     <span class='ocr_line' id='line_1_8' title="bbox 173 1597 1177 1672; baseline 0.005 -20"><span class='ocrx_word' id='word_1_50' title='bbox 173 1597 252 1652; x_wconf 93' lang='lat' dir='ltr'><strong>homo</strong></span> <span class='ocrx_word' id='word_1_51' title='bbox 280 1598 330 1662; x_wconf 88' lang='lat' dir='ltr'><strong>sit,</strong></span> <span class='ocrx_word' id='word_1_52' title='bbox 361 1602 442 1670; x_wconf 87' lang='lat' dir='ltr'><strong>prout</strong></span> <span class='ocrx_word' id='word_1_53' title='bbox 470 1602 578 1654; x_wconf 82' lang='lat' dir='ltr'><strong>constat</strong></span> <span class='ocrx_word' id='word_1_54' title='bbox 597 1601 683 1656; x_wconf 90' lang='lat' dir='ltr'><strong>modis</strong></span> <span class='ocrx_word' id='word_1_55' title='bbox 702 1600 864 1672; x_wconf 89' lang='lat' dir='ltr'><strong>quibusdam</strong></span> <span class='ocrx_word' id='word_1_56' title='bbox 882 1600 911 1656; x_wconf 86' lang='lat' dir='ltr'><strong>in</strong></span> <span class='ocrx_word' id='word_1_57' title='bbox 930 1600 1039 1656; x_wconf 88' lang='lat' dir='ltr'><strong>duobus</strong></span> <span class='ocrx_word' id='word_1_58' title='bbox 1057 1599 1117 1656; x_wconf 85' lang='lat' dir='ltr'><strong>istis</strong></span> <span class='ocrx_word' id='word_1_59' title='bbox 1176 1611 1177 1616; x_wconf 77' lang='grc'>’</span> 
     </span>
     <span class='ocr_line' id='line_1_9' title="bbox 172 1678 1117 1752; baseline 0.002 -20"><span class='ocrx_word' id='word_1_60' title='bbox 172 1678 329 1744; x_wconf 79' lang='lat' dir='ltr'><strong>attributis,</strong></span> <span class='ocrx_word' id='word_1_61' title='bbox 348 1696 417 1750; x_wconf 87' lang='lat' dir='ltr'><strong>quaa</strong></span> <span class='ocrx_word' id='word_1_62' title='bbox 430 1679 459 1735; x_wconf 90' lang='lat' dir='ltr'><strong>in</strong></span> <span class='ocrx_word' id='word_1_63' title='bbox 473 1680 533 1736; x_wconf 84' lang='lat' dir='ltr'><strong>Deo</strong></span> <span class='ocrx_word' id='word_1_64' title='bbox 547 1680 760 1736; x_wconf 86' lang='lat' dir='ltr'><strong>observavimus.</strong></span> <span class='ocrx_word' id='word_1_65' title='bbox 782 1680 851 1736; x_wconf 88' lang='lat' dir='ltr'><strong>Dioo</strong></span> <span class='ocrx_word' id='word_1_66' title='bbox 863 1679 956 1735; x_wconf 83' lang='lat' dir='ltr'><strong>modos</strong></span> <span class='ocrx_word' id='word_1_67' title='bbox 965 1679 1117 1752; x_wconf 87' lang='lat' dir='ltr'><strong>quosdam,</strong></span> 
     </span>
     <span class='ocr_line' id='line_1_10' title="bbox 174 1759 1117 1834; baseline 0 -20"><span class='ocrx_word' id='word_1_68' title='bbox 174 1760 239 1832; x_wconf 88' lang='lat' dir='ltr'><strong>quia</strong></span> <span class='ocrx_word' id='word_1_69' title='bbox 256 1779 310 1817; x_wconf 91' lang='lat' dir='ltr'><strong>uou</strong></span> <span class='ocrx_word' id='word_1_70' title='bbox 329 1760 454 1834; x_wconf 84' lang='lat' dir='ltr'><strong>iutalligo</strong></span> <span class='ocrx_word' id='word_1_71' title='bbox 476 1761 611 1816; x_wconf 87' lang='lat' dir='ltr'><strong>homiuem</strong></span> <span class='ocrx_word' id='word_1_72' title='bbox 632 1764 760 1833; x_wconf 87' lang='lat' dir='ltr'><strong>tauquam</strong></span> <span class='ocrx_word' id='word_1_73' title='bbox 787 1759 927 1830; x_wconf 86' lang='lat' dir='ltr'><strong>spiritum,</strong></span> <span class='ocrx_word' id='word_1_74' title='bbox 950 1763 1067 1815; x_wconf 85' lang='lat' dir='ltr'><strong>mentem</strong></span> <span class='ocrx_word' id='word_1_75' title='bbox 1082 1762 1117 1828; x_wconf 83' lang='lat'><strong>¹),</strong></span> 
     </span>
    </p>
   </div>
   <div class='ocr_carea' id='block_1_4' title="bbox 175 2189 1148 2539">
    <p class='ocr_par' dir='ltr' id='par_1_4' title="bbox 175 2189 1148 2539">
     <span class='ocr_line' id='line_1_11' title="bbox 206 2189 1142 2256; baseline -0.009 -13"><span class='ocrx_word' id='word_1_76' title='bbox 206 2197 229 2256; x_wconf 94' lang='grc' dir='ltr'><strong>Ι)</strong></span> <span class='ocrx_word' id='word_1_77' title='bbox 262 2198 283 2244; x_wconf 89' lang='grc'><strong>1.</strong></span> <span class='ocrx_word' id='word_1_78' title='bbox 299 2196 364 2242; x_wconf 87' lang='lat' dir='ltr'><strong>Maus</strong></span> <span class='ocrx_word' id='word_1_79' title='bbox 381 2200 458 2243; x_wconf 83' lang='lat' dir='ltr'><strong>nostra</strong></span> <span class='ocrx_word' id='word_1_80' title='bbox 476 2196 509 2243; x_wconf 81' lang='lat' dir='ltr'><strong>sal</strong></span> <span class='ocrx_word' id='word_1_81' title='bbox 525 2195 649 2243; x_wconf 84' lang='lat' dir='ltr'><strong>substantia</strong></span> <span class='ocrx_word' id='word_1_82' title='bbox 665 2195 700 2241; x_wconf 84' lang='lat' dir='ltr'><strong>vel</strong></span> <span class='ocrx_word' id='word_1_83' title='bbox 715 2194 794 2241; x_wconf 87' lang='lat' dir='ltr'><strong>modus</strong></span> <span class='ocrx_word' id='word_1_84' title='bbox 809 2200 851 2241; x_wconf 84' lang='lat' dir='ltr'><strong>eat.</strong></span> <span class='ocrx_word' id='word_1_85' title='bbox 866 2192 914 2239; x_wconf 84' lang='lat' dir='ltr'><strong>Noa</strong></span> <span class='ocrx_word' id='word_1_86' title='bbox 921 2205 974 2238; x_wconf 85' lang='lat' dir='ltr'><strong>varo</strong></span> <span class='ocrx_word' id='word_1_87' title='bbox 983 2189 1109 2237; x_wconf 73' lang='lat' dir='ltr'><strong>substantia</strong></span> <span class='ocrx_word' id='word_1_88' title='bbox 1124 2218 1142 2242; x_wconf 84' lang='lat'>‚</span> 
     </span>
     <span class='ocr_line' id='line_1_12' title="bbox 175 2264 1145 2322; baseline -0.001 -8"><span class='ocrx_word' id='word_1_89' title='bbox 175 2267 373 2314; x_wconf 81' lang='lat' dir='ltr'><strong>domonstravimus</strong></span> <span class='ocrx_word' id='word_1_90' title='bbox 396 2267 455 2313; x_wconf 88' lang='lat' dir='ltr'><strong>euim</strong></span> <span class='ocrx_word' id='word_1_91' title='bbox 475 2266 560 2314; x_wconf 79' lang='lat' dir='ltr'><strong>nullam</strong></span> <span class='ocrx_word' id='word_1_92' title='bbox 583 2266 730 2314; x_wconf 85' lang='lat' dir='ltr'><strong>substantiam</strong></span> <span class='ocrx_word' id='word_1_93' title='bbox 746 2266 831 2312; x_wconf 83' lang='lat' dir='ltr'><strong>finitum</strong></span> <span class='ocrx_word' id='word_1_94' title='bbox 848 2264 871 2311; x_wconf 89' lang='lat' dir='ltr'><strong>iu</strong></span> <span class='ocrx_word' id='word_1_95' title='bbox 888 2267 968 2312; x_wconf 81' lang='lat' dir='ltr'><strong>ustura</strong></span> <span class='ocrx_word' id='word_1_96' title='bbox 984 2277 1032 2309; x_wconf 83' lang='lat' dir='ltr'><strong>saus</strong></span> <span class='ocrx_word' id='word_1_97' title='bbox 1048 2270 1145 2322; x_wconf 63' lang='lat' dir='ltr'><strong>poro?</strong></span> 
     </span>
     <span class='ocr_line' id='line_1_13' title="bbox 175 2337 1148 2465; baseline -0.009 -11"><span class='ocrx_word' id='word_1_98' title='bbox 175 2353 229 2454; x_wconf 52' lang='lat' dir='ltr'><strong>“gii</strong></span> <span class='ocrx_word' id='word_1_99' title='bbox 244 2337 383 2455; x_wconf 53' lang='lat' dir='ltr'><strong>¹giiiirimmeeiii</strong></span> <span class='ocrx_word' id='word_1_100' title='bbox 399 2407 476 2454; x_wconf 87' lang='lat' dir='ltr'><strong>modus</strong></span> <span class='ocrx_word' id='word_1_101' title='bbox 493 2411 539 2465; x_wconf 86' lang='lat' dir='ltr'><strong>ast,</strong></span> <span class='ocrx_word' id='word_1_102' title='bbox 555 2406 607 2454; x_wconf 83' lang='lat' dir='ltr'><strong>talis</strong></span> <span class='ocrx_word' id='word_1_103' title='bbox 622 2422 670 2454; x_wconf 87' lang='lat' dir='ltr'><strong>essa</strong></span> <span class='ocrx_word' id='word_1_104' title='bbox 686 2405 749 2454; x_wconf 85' lang='lat' dir='ltr'><strong>dabat</strong></span> <span class='ocrx_word' id='word_1_105' title='bbox 764 2405 798 2452; x_wconf 81' lang='lat' dir='ltr'><strong>vel</strong></span> <span class='ocrx_word' id='word_1_106' title='bbox 812 2402 948 2453; x_wconf 83' lang='lat' dir='ltr'><strong>extersionis</strong></span> <span class='ocrx_word' id='word_1_107' title='bbox 960 2401 995 2448; x_wconf 85' lang='lat' dir='ltr'><strong>val</strong></span> <span class='ocrx_word' id='word_1_108' title='bbox 1008 2399 1148 2462; x_wconf 78' lang='lat' dir='ltr'><strong>oogitutio-</strong></span> 
     </span>
     <span class='ocr_line' id='line_1_14' title="bbox 177 2471 1095 2539; baseline -0.005 -16"><span class='ocrx_word' id='word_1_109' title='bbox 177 2477 212 2524; x_wconf 88' lang='lat' dir='ltr'><strong>uia</strong></span> <span class='ocrx_word' id='word_1_110' title='bbox 227 2477 387 2526; x_wconf 83' lang='lat' dir='ltr'><strong>substantialia.</strong></span> <span class='ocrx_word' id='word_1_111' title='bbox 408 2477 456 2524; x_wconf 83' lang='lat' dir='ltr'><strong>Neo</strong></span> <span class='ocrx_word' id='word_1_112' title='bbox 472 2492 523 2524; x_wconf 83' lang='lat' dir='ltr'><strong>varo</strong></span> <span class='ocrx_word' id='word_1_113' title='bbox 540 2477 688 2537; x_wconf 76' lang='lat' dir='ltr'><strong>extensionis,</strong></span> <span class='ocrx_word' id='word_1_114' title='bbox 704 2478 798 2539; x_wconf 80' lang='lat' dir='ltr'><strong>quippe,</strong></span> <span class='ocrx_word' id='word_1_115' title='bbox 815 2483 857 2524; x_wconf 87' lang='lat' dir='ltr'><strong>sto.</strong></span> <span class='ocrx_word' id='word_1_116' title='bbox 873 2489 927 2536; x_wconf 87' lang='lat' dir='ltr'><strong>ergo</strong></span> <span class='ocrx_word' id='word_1_117' title='bbox 943 2471 1095 2535; x_wconf 79' lang='lat' dir='ltr'><strong>cogitationis.</strong></span> 
     </span>
    </p>
   </div>
   <div class='ocr_carea' id='block_1_5' title="bbox 178 2613 1152 2963">
    <p class='ocr_par' dir='ltr' id='par_1_5' title="bbox 179 2613 1152 2751">
     <span class='ocr_line' id='line_1_15' title="bbox 207 2613 1152 2678; baseline -0.01 -12"><span class='ocrx_word' id='word_1_118' title='bbox 207 2620 229 2666; x_wconf 83' lang='lat'><strong>3.</strong></span> <span class='ocrx_word' id='word_1_119' title='bbox 245 2617 360 2678; x_wconf 80' lang='lat' dir='ltr'><strong>Cogitatio</strong></span> <span class='ocrx_word' id='word_1_120' title='bbox 377 2617 530 2666; x_wconf 84' lang='lat' dir='ltr'><strong>substantialia</strong></span> <span class='ocrx_word' id='word_1_121' title='bbox 546 2632 596 2665; x_wconf 86' lang='lat' dir='ltr'><strong>oum</strong></span> <span class='ocrx_word' id='word_1_122' title='bbox 612 2619 675 2667; x_wconf 87' lang='lat' dir='ltr'><strong>finita</strong></span> <span class='ocrx_word' id='word_1_123' title='bbox 690 2634 738 2666; x_wconf 87' lang='lat' dir='ltr'><strong>assa</strong></span> <span class='ocrx_word' id='word_1_124' title='bbox 754 2623 848 2678; x_wconf 83' lang='lat' dir='ltr'><strong>nequeat</strong></span> <span class='ocrx_word' id='word_1_125' title='bbox 857 2653 864 2676; x_wconf 91' lang='lat'><strong>,</strong></span> <span class='ocrx_word' id='word_1_126' title='bbox 888 2616 992 2673; x_wconf 83' lang='lat' dir='ltr'><strong>infinita,</strong></span> <span class='ocrx_word' id='word_1_127' title='bbox 1008 2613 1033 2661; x_wconf 92' lang='lat' dir='ltr'><strong>iu</strong></span> <span class='ocrx_word' id='word_1_128' title='bbox 1048 2617 1152 2674; x_wconf 76' lang='lat' dir='ltr'><strong>gaer</strong></span> 
     </span>
     <span class='ocr_line' id='line_1_16' title="bbox 179 2688 1150 2751; baseline 0.001 -15"><span class='ocrx_word' id='word_1_129' title='bbox 179 2704 220 2737; x_wconf 88' lang='lat' dir='ltr'><strong>suo</strong></span> <span class='ocrx_word' id='word_1_130' title='bbox 235 2689 346 2751; x_wconf 81' lang='lat' dir='ltr'><strong>perfecta,</strong></span> <span class='ocrx_word' id='word_1_131' title='bbox 362 2694 384 2735; x_wconf 89' lang='lat' dir='ltr'><strong>at</strong></span> <span class='ocrx_word' id='word_1_132' title='bbox 400 2688 532 2735; x_wconf 83' lang='lat' dir='ltr'><strong>attributum</strong></span> <span class='ocrx_word' id='word_1_133' title='bbox 550 2688 593 2735; x_wconf 82' lang='lat' dir='ltr'><strong>Dei</strong></span> <span class='ocrx_word' id='word_1_134' title='bbox 608 2695 650 2737; x_wconf 85' lang='lat' dir='ltr'><strong>eat.</strong></span> <span class='ocrx_word' id='word_1_135' title='bbox 1145 2690 1150 2695; x_wconf 83' lang='lat'>&#39;</span> 
     </span>
    </p>

    <p class='ocr_par' dir='ltr' id='par_1_6' title="bbox 178 2752 1149 2963">
     <span class='ocr_line' id='line_1_17' title="bbox 207 2752 1149 2820; baseline -0.008 -13"><span class='ocrx_word' id='word_1_136' title='bbox 207 2763 230 2807; x_wconf 75' lang='lat'><strong>4.</strong></span> <span class='ocrx_word' id='word_1_137' title='bbox 246 2759 347 2806; x_wconf 75' lang='lat' dir='ltr'><strong>Perfaots</strong></span> <span class='ocrx_word' id='word_1_138' title='bbox 363 2758 470 2819; x_wconf 79' lang='lat' dir='ltr'><strong>cogitatio</strong></span> <span class='ocrx_word' id='word_1_139' title='bbox 487 2758 566 2806; x_wconf 82' lang='lat' dir='ltr'><strong>habers</strong></span> <span class='ocrx_word' id='word_1_140' title='bbox 582 2757 647 2806; x_wconf 87' lang='lat' dir='ltr'><strong>debet</strong></span> <span class='ocrx_word' id='word_1_141' title='bbox 662 2759 813 2820; x_wconf 76' lang='lat' dir='ltr'><strong>coguitionem</strong></span> <span class='ocrx_word' id='word_1_142' title='bbox 829 2758 864 2805; x_wconf 84' lang='lat' dir='ltr'><strong>val</strong></span> <span class='ocrx_word' id='word_1_143' title='bbox 879 2754 1025 2818; x_wconf 78' lang='lat' dir='ltr'><strong>&lt;rogitationis</strong></span> <span class='ocrx_word' id='word_1_144' title='bbox 1038 2752 1149 2800; x_wconf 72' lang='lat' dir='ltr'><strong>nosen</strong></span> 
     </span>
     <span class='ocr_line' id='line_1_18' title="bbox 178 2823 1149 2891; baseline -0.01 -12"><span class='ocrx_word' id='word_1_145' title='bbox 178 2830 277 2879; x_wconf 84' lang='lat' dir='ltr'><strong>omnium</strong></span> <span class='ocrx_word' id='word_1_146' title='bbox 299 2837 322 2877; x_wconf 90' lang='lat' dir='ltr'><strong>at</strong></span> <span class='ocrx_word' id='word_1_147' title='bbox 337 2832 442 2891; x_wconf 83' lang='lat' dir='ltr'><strong>cujusque</strong></span> <span class='ocrx_word' id='word_1_148' title='bbox 458 2829 490 2877; x_wconf 89' lang='lat' dir='ltr'><strong>rei</strong></span> <span class='ocrx_word' id='word_1_149' title='bbox 505 2829 637 2888; x_wconf 64' lang='lat' dir='ltr'><strong>axiomatis,</strong></span> <span class='ocrx_word' id='word_1_150' title='bbox 661 2835 708 2878; x_wconf 83' lang='lat' dir='ltr'><strong>tum</strong></span> <span class='ocrx_word' id='word_1_151' title='bbox 723 2829 899 2877; x_wconf 80' lang='lat' dir='ltr'><strong>substantiarum</strong></span> <span class='ocrx_word' id='word_1_152' title='bbox 914 2841 981 2887; x_wconf 83' lang='lat' dir='ltr'><strong>quam</strong></span> <span class='ocrx_word' id='word_1_153' title='bbox 997 2823 1122 2872; x_wconf 75' lang='lat' dir='ltr'><strong>modorum</strong></span> <span class='ocrx_word' id='word_1_154' title='bbox 1134 2844 1149 2870; x_wconf 75' lang='grc' dir='ltr'><strong><em>ι</em></strong></span> 
     </span>
     <span class='ocr_line' id='line_1_19' title="bbox 181 2903 356 2963; baseline 0.006 -14"><span class='ocrx_word' id='word_1_155' title='bbox 181 2903 243 2950; x_wconf 83' lang='lat' dir='ltr'><strong>nulla</strong></span> <span class='ocrx_word' id='word_1_156' title='bbox 257 2903 356 2963; x_wconf 76' lang='lat' dir='ltr'><strong>excepta</strong></span> 
     </span>
    </p>
   </div>
   <div class='ocr_carea' id='block_1_6' title="bbox 0 0 1190 3412">
    <p class='ocr_par' dir='ltr' id='par_1_7' title="bbox 0 0 1190 3412">
     <span class='ocr_line' id='line_1_20' title="bbox 0 0 1190 3412; baseline 0 0"><span class='ocrx_word' id='word_1_157' title='bbox 0 0 1190 3412; x_wconf 95' lang='lat' dir='ltr'><strong> </strong></span> 
     </span>
    </p>
   </div>
  </div>
 </body>
</html>
