2354 3412
564 91 603 150 78

113 261 157 311 tos
186 252 351 314 habeamus.
380 271 428 325 per
456 270 546 308 rorem
574 252 691 322 logicam
709 251 778 306 clins
797 251 967 307 definitionis
989 251 1064 322 leges

113 333 296 407 proferemus,
317 351 413 404 nempe
432 334 581 389 secundum
600 332 803 387 distinctionem
823 349 904 404 quam
918 332 946 385 in
960 340 1064 386 nutura

112 415 237 469 iacimus.

149 493 278 548 Vidimus
298 492 355 563 jum
374 494 525 555 attribute,
555 493 598 547 vei
617 494 658 547 uti
677 492 724 546 alii
744 511 775 547 en
793 499 909 554 vocent.
936 491 1066 548 substen-

114 574 185 635 tius‚
206 590 248 627 res
267 590 341 634 esse,
363 572 422 634 vel,
442 578 474 627 ut
493 573 589 627 melius
603 577 631 626 et
643 572 768 644 proprius
781 573 919 633 dicemus,
941 590 1066 628 ensesue

115 669 163 724 per
190 668 218 705 se
247 648 392 713 existens‚‘
411 656 493 723 atque
512 653 597 724 igitur
616 669 663 723 per
681 671 710 706 se
730 669 757 706 se
776 669 940 723 cognoscere
959 653 1067 708 inciens

115 737 143 788 et
162 731 316 788 ostendens.
352 732 389 787 Et
406 733 480 804 quod
498 732 532 788 ud
551 738 641 788 cetera
659 732 775 796 attinet,
796 731 861 787 haec
879 733 1004 788 nonnissi
1023 738 1067 788 et·

116 811 280 868 tributorum
303 812 375 867 modi
394 817 474 875 sunt,
494 812 552 867 sine
571 810 670 885 quibus
688 829 739 866 nec
757 813 874 867 existere
893 829 942 867 nec
956 812 1066 884 concipi

117 895 242 966 possunt.
280 893 374 952 Quare
401 892 524 948 definitio
552 893 667 946 duorum
697 909 825 962 generum
851 892 892 945 vei
913 893 1066 963 specierum

118 991 177 1028 esse
196 971 290 1036 debet,
310 990 421 1042 nempe:

157 1211 182 1266 1.
220 1209 426 1265 Attributorum
445 1227 514 1281 queo
533 1210 604 1264 entis
623 1216 688 1265 sunt
708 1227 754 1281 per
773 1228 801 1265 se
820 1209 978 1273 existentis,
999 1227 1068 1282 quae

120 1287 198 1344 nullo
216 1307 315 1360 genere
333 1289 421 1344 aliave
440 1306 485 1354 ro,
505 1289 604 1362 quibus
623 1289 720 1345 melius
742 1288 860 1360 intelligi
879 1289 923 1343 vel
936 1288 1069 1360 explicari

121 1373 255 1440 possunt,
275 1387 344 1439 opus
362 1370 480 1428 hebent:
501 1388 563 1425 nam
582 1369 663 1441 quia,
685 1370 726 1424 nti
745 1373 817 1423 entis
837 1369 978 1439 cujusdam
994 1369 1071 1423 attri-

124 1449 206 1511 bute,
227 1466 322 1519 perse
342 1451 479 1512 existunt.
500 1451 582 1504 etiam
601 1467 649 1520 per
668 1468 696 1504 se
714 1455 780 1504 notu
798 1451 875 1504 fiunt.

160 1608 185 1663 2.
222 1607 323 1662 Eorum
342 1625 412 1678 quae
432 1626 486 1663 non
505 1627 553 1679 per
571 1627 599 1663 se
619 1610 665 1663 sod
685 1627 732 1680 per
751 1609 885 1664 attributa
904 1613 1013 1664 tautum
1027 1627 1071 1664 ex·

122 1685 227 1750 istnnt,
247 1704 362 1758 quorum
372 1688 455 1742 modi
468 1696 532 1742 sunt
545 1694 573 1744 et
584 1707 632 1760 per
644 1706 713 1761 quoe
721 1727 730 1754 ,
749 1687 849 1760 quippe
861 1705 954 1742 eorum
968 1707 1071 1760 genus,

126 1765 329 1837 intelliguntur.
987 1791 990 1798 ·

165 1921 203 1978 Et
225 1922 276 1978 hoc
294 1924 366 1995 quod
386 1924 419 1978 ad
439 1942 531 1979 eorum
551 1926 714 1979 sententium
734 1925 767 1980 de
786 1926 943 1980 defiuitione
962 1926 1073 1980 attinet.

164 2080 247 2140 Quod
266 2081 300 2135 ad
320 2080 436 2136 alterum
456 2100 534 2145 vern.
555 2083 643 2138 Deum
663 2101 679 2137 e
698 2082 776 2136 nobis
794 2081 919 2153 cognosci
941 2100 1020 2152 posse
1033 2099 1077 2136 eo·

127 2159 252 2231 gnitione
277 2161 444 2233 adaequate,
471 2163 505 2216 ed
525 2162 575 2218 hoc
595 2163 661 2217 satis
681 2179 837 2233 responsum
857 2168 898 2216 est
917 2179 933 2216 a
952 2162 1078 2217 Centenio

128 2239 157 2294 in
177 2240 351 2311 responsione
369 2260 419 2296 suu
437 2247 471 2297 ed
490 2242 670 2312 objectionem
690 2241 740 2297 huc
758 2242 792 2296 de
810 2259 846 2298 re.

166 2393 204 2449 Et
222 2397 295 2468 quod
314 2398 348 2451 ad
362 2399 492 2463 tertium,
512 2398 630 2454 Deume
646 2400 724 2454 nobis
737 2399 917 2453 demonstrari
933 2416 988 2452 non
1001 2415 1081 2470 posse

132 2492 150 2529 a
168 2476 271 2546 priori.
301 2479 336 2531 ud
357 2479 406 2533 hoc
421 2478 479 2549 jc'm
498 2484 578 2533 antee
597 2497 613 2533 e
632 2479 710 2534 nobis
729 2496 901 2550 responsum:
924 2479 990 2549 quia
1008 2480 1081 2532 enim

134 2554 210 2609 Deus
229 2556 272 2611 sui
291 2574 374 2612 causa
393 2564 451 2620 est,
472 2558 540 2613 sctis
554 2566 600 2612 ‘est
620 2577 670 2613 nos
689 2578 748 2613 enm
769 2577 816 2630 per
829 2577 857 2612 se
871 2559 959 2629 ipsum
973 2559 1083 2612 demon·

134 2638 235 2698 strare3
264 2637 336 2707 quod
364 2645 555 2710 argumentum
582 2640 664 2693 etiem
693 2639 780 2693 mutto
799 2639 922 2694 strictius
939 2645 983 2692 est
1000 2654 1081 2709 quen

135 2731 193 2786 urg.
214 2718 400 2786 apameiae,
425 2719 497 2790 quod
517 2719 574 2773 fieri
594 2736 648 2774 non
667 2720 737 2773 solet
755 2718 809 2774 nisi
827 2720 919 2774 causis
936 2720 1067 2777 externis.
