2354 3412
478 336 646 383 IIVIIIIX.

409 509 470 556 Para
485 509 570 558 Prima.
601 509 637 557 De
654 511 710 559 Deo.

117 603 173 664 Gap.
195 603 215 650 I.
248 603 315 651 Quod
331 604 393 651 Deus
409 605 446 652 sit.

180 665 216 712 II.
248 665 310 714 Quid
328 667 357 713 sit
373 667 442 715 Deus.

163 727 212 775 111.
245 727 312 776 Quod
329 730 390 776 Deus
406 730 436 776 eit
452 730 552 776 omnium
568 745 641 777 eausa.

170 790 213 837 IV.
245 792 280 837 De
296 793 399 850 operibus
415 791 458 838 Dei
475 793 612 840 necessariis.

186 853 213 901 V.
244 853 280 900 De
299 854 442 900 Providentia
460 853 511 901 Dei.

170 915 212 962 VI.
245 915 281 962 De
297 915 510 963 Proedestinutioue.

153 976 211 1024 VII.
243 978 278 1023 Da
295 978 467 1038 proprietatibus
483 979 511 1024 ad
526 979 599 1026 Deum
616 994 662 1026 non
679 978 851 1039 pertinentibus.

142 1039 211 1086 VIII.
244 1040 279 1086 De
295 1047 375 1087 natura
392 1047 518 1088 saturante.

165 1102 210 1150 IX.
242 1103 277 1148 De
293 1113 373 1149 natura
390 1111 502 1150 naturate.

181 1164 211 1212 X.
243 1165 304 1214 Quid
321 1165 351 1211 sit
367 1164 448 1211 bonum
465 1174 488 1212 et
504 1166 593 1212 malum.

536 1277 578 1292 5—-

245 1341 306 1387 Pare
322 1341 427 1388 Secunda.
459 1343 495 1388 De
511 1341 604 1390 Homine
619 1344 710 1405 ejusque
724 1343 855 1390 valetudine.

189 1437 211 1483 Ι.
241 1436 277 1484 De
293 1436 410 1498 opinione,
426 1436 468 1484 fide
484 1443 506 1484 et
522 1437 658 1498 cognitione.

175 1500 211 1547 II.
243 1499 305 1547 Quid
321 1499 351 1545 eit
367 1498 457 1560 opinio,
474 1500 543 1558 fides,
559 1508 582 1548 et
597 1499 726 1560 cognitione
741 1499 808 1546 eluro.

158 1562 208 1609 III.
241 1561 355 1608 Passionis
372 1561 436 1621 origo
445 1581 452 1619 ς
468 1563 542 1622 passio
558 1579 585 1610 ex
601 1562 714 1622 opinione.

167 1624 211 1672 IV.
241 1623 304 1672 Quin
319 1625 405 1670 orietur
420 1641 446 1672 ex
463 1625 517 1683 fide,
533 1625 598 1672 etde
614 1625 710 1671 hominis
726 1623 785 1671 bono
801 1629 824 1671 et
842 1623 910 1671 mulo.

179 1687 209 1734 V.
240 1687 275 1733 De
291 1701 373 1733 amore.

166 1748 209 1796 VI.
242 1749 278 1796 Du
294 1748 354 1796 odio.

152 1811 209 1858 VH.
241 1812 277 1858 De
293 1810 379 1858 laetitia
395 1819 418 1856 et
434 1809 535 1859 tristitia.

135 1873 207 1922 VIII.
239 1874 383 1922 Existimatio
399 1877 421 1919 et
437 1878 585 1934 contemptus.

166 1936 211 1984 IX.
243 1936 298 1997 Spes
314 1943 336 1982 ot
352 1940 431 1981 metus.

178 1999 208 2047 X.
240 1999 275 2045 De
290 1997 439 2044 eonscientiae
455 2012 529 2044 morsu
545 2004 568 2045 et
584 1997 729 2058 poenitentia.

163 2061 208 2108 XI.
239 2061 275 2108 De
291 2060 395 2107 irrisione
410 2067 433 2106 et
447 2063 508 2119 jooo.

149 2124 208 2172 XII.
239 2124 274 2170 Da
291 2125 388 2180 honore,
406 2121 528 2183 pudicitia,
543 2128 566 2169 et
582 2121 725 2182 impudentia.

133 2186 207 2233 XIII.
239 2186 275 2232 De
291 2185 379 2243 favore,
395 2184 532 2245 gratitudine
548 2191 570 2232 et
586 2183 754 2246 ingratitudine.

142 2248 208 2297 XIV.
240 2250 276 2296 De
292 2247 491 2294 commiseratione.

154 2311 207 2358 XV.
241 2311 274 2356 De
290 2325 342 2356 vero
358 2316 381 2356 et
396 2309 460 2356 saiso.

142 2375 208 2422 XVI.
240 2374 275 2420 De
291 2372 413 2419 voluntate.

125 2437 207 2485 XVII.
238 2436 274 2483 De
289 2433 416 2480 discrimine
431 2433 490 2480 inter
505 2433 642 2480 voluntatem
659 2439 681 2480 et
697 2431 848 2494 eupiditatem.

108 2500 207 2548 XVIII.
239 2499 274 2546 De
289 2496 452 2558 precedentium
470 2494 574 2543 utilitato.

140 2562 208 2611 XIX
239 2561 276 2607 De
292 2565 368 2606 nostra
384 2557 528 2606 beatitudine.

153 2625 207 2673 XX.
239 2621 405 2671 Preoedeutioso
422 2619 568 2668 confirmatio.

138 2688 207 2736 XXI.
238 2688 274 2734 De
290 2685 384 2731 ratione.

125 2750 207 2799 XXII.
238 2750 274 2796 De
289 2762 340 2794 vera
356 2744 497 2806 cognitione,
513 2743 681 2805 regenaratione
698 2758 746 2792 ens.

108 2813 209 2862 XXIII.
240 2813 275 2858 De
290 2808 359 2856 animi
376 2806 550 2854 immortalitate.

116 2876 207 2924 XXIV.
239 2875 275 2921 De
290 2871 334 2919 Dei
349 2887 402 2931 erga
418 2870 529 2917 homiuem
546 2884 629 2918 amore.

132 2940 207 2987 XXV.
239 2937 274 2983 De
290 2933 400 2981 Diabolis.

116 3002 206 3050 XXVI.
237 2999 274 3046 De
289 3012 340 3045 vera
356 2996 466 3044 libertete.
