2354 3412
558 140 615 197 116

114 300 154 359 ita
172 303 202 354 ut
221 299 350 365 ultimus,
371 316 452 372 quem
465 299 636 372 quaerimus,
657 297 733 360 finis,
753 301 783 353 et
794 297 967 370 praeeipuam
979 309 1005 367 qu

114 379 321 450 cognoscimus,
340 396 405 435 vera
423 378 544 450 cognitio
563 380 608 436 sit.
635 379 716 439 Quae
728 395 793 433 vera
803 377 942 450 cognitio,
960 388 1005 432 seat

113 459 178 515 dum
196 459 303 531 objeota
320 477 390 533 quae
402 458 583 530 proveniunt,
608 457 716 512 diversa
728 461 785 522 eet,
804 457 846 513 ita
858 461 891 514 ut
902 473 955 530 quo
965 452 1005 527 obi

115 543 188 602 tum,
217 556 334 611 quaeum
353 539 481 602 uniatur,
511 537 625 601 melina,
645 554 678 592 eo
697 536 792 592 melior
809 537 894 592 etiam
912 536 1005 591 meos

113 617 199 680 nitio:
227 617 341 690 ideoque
368 617 416 674 ilie
433 618 571 690 persuetus
589 619 632 671 eet
651 615 750 681 homo,
769 616 817 688 qui
836 633 899 673 oum
917 620 977 671 ente
992 631 1005 687 p

115 699 279 763 tentissime,
299 698 374 763 Deo,
395 699 490 755 unitus
508 702 565 762 est,
586 713 671 769 eoque
689 697 730 751 its
746 697 862 752 irnstnr.

149 1012 188 1071 Ut
206 1011 292 1083 igitur
311 1011 451 1067 videamus
469 1009 536 1082 quid
554 1009 768 1081 impressionibus
785 1006 1004 1065 bonumetmaiu

113 1091 235 1164 singulas
254 1109 376 1165 quasque
394 1091 450 1162 (uti
468 1090 583 1155 dietum)
602 1090 831 1162 contemplemur,
852 1094 881 1145 et
899 1089 1005 1162 primos

112 1173 172 1231 dem
184 1169 401 1227 Admirationem
414 1188 493 1242 queo,
512 1169 557 1225 vel
571 1186 606 1225 ex
618 1170 786 1244 praejudicio
797 1169 842 1226 val
855 1187 890 1225 ex
904 1169 1005 1240 ignoras

113 1257 189 1316 arta,
210 1251 379 1323 imperiectio
398 1255 440 1305 est
458 1251 487 1307 iu
506 1251 614 1306 homine
633 1252 697 1308 huie
715 1250 915 1323 perturbationi
928 1247 1005 1320 subja

13 1365 20 1374 =
112 1331 182 1389 Diuo
200 1331 448 1403 imperfectionem,
468 1331 533 1403 quia
551 1330 695 1388 admiratio
713 1349 761 1404 per
779 1348 808 1386 se
826 1330 856 1385 iu
875 1328 1005 1386 nullumr

114 1413 170 1469 lum
189 1412 326 1470 oondusit.

415 1821 540 1879 CAPUT
564 1821 755 1884 uuluuum.

507 1997 544 2037 DE
563 1997 669 2038 AMORE.

148 2141 292 2205 Amorem,
311 2139 359 2212 qui
377 2139 418 2196 nil
436 2139 511 2196 aliud
530 2146 572 2196 est
589 2157 671 2213 quam
689 2157 718 2195 re
736 2140 853 2214 quedam
872 2139 926 2195 irui
945 2155 1005 2195 osmi

112 2238 144 2274 ea
162 2220 250 2282 uniri,
271 2219 424 2276 dividemus
443 2221 592 2277 aeoundum
610 2221 771 2294 qualitatem
789 2220 849 2292 ejus
867 2219 983 2291 objecti:
1002 2236 1005 2270 ι

117 2298 226 2371 objeoto
243 2299 323 2355 homo
341 2300 395 2356 frui
414 2317 531 2372 eumque
549 2318 581 2356 eo
600 2300 673 2356 uniri
691 2305 813 2356 oonstnr.

148 2532 290 2594 Quaedam
317 2531 426 2605 objeota
443 2534 473 2589 in
491 2550 520 2589 se
539 2531 747 2606 corruptibilia3
776 2532 832 2588 alia
849 2549 933 2590 eausa
950 2547 998 2587 sua

115 2612 318 2685 corruptibilia:
348 2612 463 2668 tertium
491 2630 541 2669 aua
558 2614 646 2684 ipsius
665 2613 768 2669 virtute
787 2618 814 2669 et
833 2612 956 2685 potentia
971 2624 1005 2665 ae

113 2712 177 2750 num
197 2694 468 2766 incorruptibileque.
496 2693 692 2767 corruptibilia
710 2710 803 2749 ornnes
821 2711 864 2749 res
883 2689 1005 2766 pertioulr

112 2777 193 2837 sunt,
213 2792 282 2846 quae
300 2793 355 2830 non
375 2774 409 2829 sb
429 2775 503 2829 omni
524 2779 642 2846 tempore
656 2775 745 2838 fuere,
765 2773 812 2828 sed
825 2772 941 2829 existere
954 2773 1005 2827 inat

112 2858 186 2910 runt.
222 2853 320 2909 Cetera
338 2854 359 2909 ii
378 2853 451 2908 modi
471 2852 612 2925 generales
631 2857 710 2918 sunt,
731 2870 799 2925 quos
819 2869 929 2910 oanmm
942 2848 1005 2909 dixi}

113 2932 253 2990 modorum
273 2932 491 3005 partioularinm.
528 2932 652 2989 Tertium
670 2950 735 2989 vero
754 2932 830 2988 Deus
848 2937 905 2999 est,
926 2932 969 2987 vel
985 2947 1005 3002 q*

109 3013 183 3074 idem
203 3012 350 3079 habemns,
371 3013 483 3069 raritas.
