2354 3412
646 101 686 159 st-

192 265 250 334 ipse
270 262 409 335 patiatur?
447 263 567 317 Tandem
588 262 744 317 substantia
762 279 824 317 oum
844 262 880 317 sit
899 263 1066 333 principium
1084 280 1139 317 om·

191 362 267 399 nrum
289 343 349 414 ejus
370 343 522 406 modorum,
550 342 613 413 jure
633 342 734 411 majore
753 360 837 412 agens
856 359 936 415 quam
956 342 1065 413 patiens
1084 343 1138 398 diei

193 425 294 494 potest.
334 422 398 481 Quo
417 422 492 477 dioto
511 421 544 476 ad
565 421 657 475 omnia
675 423 742 476 satis
762 439 920 490 responsum
934 439 991 476 esse
1005 430 1141 493 putamus.

226 580 283 635 Hie
305 597 368 634 vero
388 579 518 650 objicitur
537 581 690 635 necessario
703 598 761 634 esse
775 580 871 634 debere
884 581 999 652 primam
1012 599 1138 643 oausam,

192 679 262 731 quae
292 677 390 730 corpus
420 659 470 714 hoo
499 666 622 720 moveat,
652 677 714 716 oum
743 677 771 714 se
799 661 908 731 ipsum,
940 660 985 714 ubi
1005 661 1138 733 quiescit,

191 739 268 794 nulio
298 740 376 793 modo
407 757 513 793 movere
540 741 644 809 possit:
681 746 707 793 et
736 740 801 810 quia
828 739 900 794 olare
929 743 1004 810 patet
1033 742 1062 794 in
1094 758 1140 795 nab

191 824 253 872 tura
283 823 385 872 motum
415 826 442 873 et
469 818 588 890 quietem
617 837 694 883 esse,
723 823 822 890 putant
850 836 896 873 eos
924 821 1078 874 necessario
1105 823 1140 875 ab

190 908 303 953 externa
329 915 412 953 oausa
439 899 537 953 debere
557 897 641 954 nusoi.
678 897 731 952 Sed
751 898 832 953 tacite
851 900 885 952 ad
905 899 955 953 hoo
974 900 1138 970 respondere

190 996 350 1051 possumus;
375 978 550 1033 concedimus
571 978 659 1041 enim,
686 979 758 1049 quod
778 978 799 1031 si
819 995 919 1048 oorpus
938 995 980 1032 ras
1000 983 1072 1034 esset
1092 997 1139 1052 per

189 1076 218 1112 se
238 1056 377 1118 existens,
399 1073 448 1110 neo
467 1056 542 1109 aliud
565 1056 730 1110 attributum
750 1057 861 1111 haberet
880 1075 960 1128 quam
981 1058 1054 1128 quod
1067 1067 1139 1114 esset

190 1137 317 1206 longum,
338 1136 442 1199 iatum,
462 1144 490 1188 et
505 1137 686 1206 profundum,
707 1142 765 1190 tum
784 1136 813 1190 in
833 1155 864 1191 eo
884 1154 993 1191 oausam
1012 1157 1067 1192 non
1081 1157 1140 1194 esse

191 1216 333 1278 movendi;
367 1216 415 1270 sed
442 1214 507 1286 quia
535 1220 616 1269 antea
643 1221 768 1270 naturam
797 1235 845 1270 ens
870 1217 990 1272 diximus
1009 1217 1045 1272 ad
1065 1219 1138 1290 quod

188 1296 281 1371 omnia
309 1295 444 1349 attributa
471 1293 625 1365 pertinent,
654 1294 693 1350 nil
718 1295 743 1349 ei
762 1295 855 1350 deesse
874 1300 964 1368 potest
983 1297 1018 1351 ad
1037 1299 1138 1369 produ-

189 1375 306 1433 cendum
325 1393 404 1429 omne
423 1375 495 1445 quod
516 1375 629 1445 produci
649 1379 747 1446 potest.

225 1771 295 1824 Cum
315 1769 401 1840 igitur
419 1770 560 1841 hucusque
579 1770 612 1823 de
626 1769 701 1832 Deo,
722 1770 788 1842 quid
802 1771 853 1834 sit,
875 1770 960 1826 loouti
974 1789 1085 1835 sumus,
1106 1775 1138 1827 de

190 1849 333 1906 attributis
353 1850 412 1921 ejus
432 1850 514 1904 verbo
528 1855 635 1904 tantum
649 1849 787 1914 dicemus,
808 1870 839 1905 ea
852 1869 921 1923 qnae
936 1852 1014 1906 nobis
1028 1853 1138 1924 cognita
1174 1907 1176 1915 ,

188 1931 296 1987 duobus
316 1939 425 1985 tantum
444 1936 586 1994 constare,
617 1949 712 2002 nempe
732 1931 890 1986 extensione
910 1936 938 1986 et
957 1933 1132 2003 cogitatione.

187 2013 313 2069 Dioimus
332 2010 405 2065 enim
430 2010 474 2065 hio
493 2015 600 2064 tantum
620 2012 653 2064 de
673 2011 775 2066 talibus
794 2011 952 2075 attributis,
986 2031 1056 2084 quae
1076 2030 1134 2068 vers
1167 2010 1177 2045 ³

189 2092 241 2148 Dei
261 2089 397 2146 attributa
416 2090 470 2146 dici
489 2096 620 2161 possunt,
651 2108 697 2161 per
716 2111 785 2164 quae
804 2111 865 2146 eum
885 2092 914 2147 in
933 2110 961 2146 se
980 2093 1057 2163 ipso,
1087 2106 1133 2149 noo
1155 2088 1177 2151 ‘s

189 2177 320 2242 tanquam
353 2176 431 2224 extra
462 2188 490 2224 se
520 2172 675 2242 operantem
703 2173 882 2243 oonoipimus.
921 2172 1023 2228 Omnia
1051 2174 1131 2245 igitur

188 2273 258 2326 quae
288 2251 410 2307 homines
438 2257 545 2323 praeter
573 2253 627 2305 duo
650 2253 704 2306 ista
725 2253 860 2307 attributa
878 2253 937 2306 Deo
957 2252 1129 2316 adscribunt,

188 2335 210 2389 si
239 2333 351 2386 omnino
382 2332 416 2385 ad
443 2350 504 2386 eum
525 2332 681 2403 pertinent,
712 2331 756 2386 vel
776 2330 926 2385 nominatio
946 2335 1027 2385 erunt
1046 2335 1130 2387 exter·

187 2434 235 2476 na,
270 2417 310 2468 uti
330 2413 403 2485 quod
422 2415 458 2467 sit
478 2415 520 2467 sui
544 2420 688 2472 constans,
720 2413 833 2470 unious,
863 2416 1008 2471 aeternus,
1036 2417 1065 2464 et
1082 2412 1128 2466 im·
1153 2428 1157 2447 ⁶

187 2494 340 2555 mutabilis:
366 2493 408 2547 vel
428 2493 500 2565 qnod
520 2496 554 2546 ad
574 2491 745 2563 operationes
763 2489 838 2559 ejus,
860 2489 901 2543 uti
921 2491 994 2560 quod
1014 2491 1052 2544 sit
1070 2507 1129 2546 oau-

186 2593 232 2638 sa,
247 2573 474 2645 praedestinator,
490 2576 517 2626 et
531 2577 620 2626 rector
632 2570 754 2626 omnium
770 2586 876 2632 rerum;
891 2586 960 2640 quae
974 2569 1132 2624 omniaDoo

186 2653 294 2726 propria
313 2657 393 2711 sunt.
416 2669 466 2707 neo
484 2669 549 2706 vero
568 2650 634 2724 quid
654 2652 691 2705 sit
709 2649 892 2720 patefaciant;
914 2649 1051 2720 quomodo
1070 2666 1130 2705 varo
1157 2706 1158 2713 χ
