2354 3404
557 101 615 162 158

110 268 191 319 tanto
209 263 271 335 plus
289 263 423 319 essentiae
442 263 548 322 habeat.
575 263 620 318 Ad
634 263 706 335 qnod
721 263 818 318 melius
831 263 1052 337 intelligendum,

112 343 386 398 animadvertendum
415 350 470 408 eet,
499 343 535 403 τὸ
562 344 716 416 intelligere
744 347 911 417 (quanquam
941 344 1055 400 vocabu·

113 423 169 478 ium
199 423 280 479 hocce
311 423 392 478 aliter
419 427 510 493 sonat)
538 440 632 494 puram
653 423 804 494 passionem
822 441 899 487 esse;
930 424 981 480 hoc
999 429 1052 487 est.

113 506 229 556 mentem
265 507 384 556 nostram
419 521 451 556 ee
478 502 583 556 ratione
613 503 727 564 mutari.
763 506 794 557 ut
821 502 890 558 alios
918 504 1055 575 cogitandi

113 582 208 636 modos
228 582 420 646 nanciscatur,
448 599 570 653 quosque
589 587 671 636 antee
689 597 743 637 non
763 581 895 645 habebat:
923 584 1017 655 itaque
1035 583 1056 638 si

111 662 228 734 aliquis,
258 679 318 717 cum
347 666 436 717 totum
461 679 521 716 eum
544 661 680 732 objectum
703 661 807 725 affecit,
839 661 922 716 tatem
945 663 1063 717 formam·

112 741 171 797 sive
200 741 308 795 modum
338 742 477 813 cogitandi
506 743 646 813 acquirat,
684 741 786 798 clarum
814 747 856 797 est
884 759 946 795 eum
977 742 1056 796 aliam

112 821 225 876 omnino
252 822 452 893 perceptionem
479 822 580 876 formae
608 823 665 877 sive
693 821 836 894 qualitatis
863 821 941 876 illios
959 822 1057 892 objecti

111 900 245 972 adipisci,
274 918 354 972 quam
383 901 454 956 alius
482 902 528 973 qni
559 906 600 957 tot
618 919 672 956 non
691 901 817 956 hahuerit
835 918 946 964 causas,
977 907 1059 974 atque

64 980 68 991 “
113 982 200 1053 igitur
228 981 261 1034 ad
290 981 360 1036 illud
388 981 574 1036 affirmandum
601 981 646 1035 vel
665 981 818 1051 negandum
837 980 940 1035 alioet
959 981 1059 1036 ieviore

111 1064 177 1117 actu
197 1061 309 1133 (quippe
328 1079 411 1133 parva
430 1061 473 1116 vei
493 1062 595 1117 minore
613 1060 834 1131 augmentatione
847 1060 907 1131 ejus
920 1061 1058 1130 conscios)

113 1146 246 1195 movetur.
285 1142 366 1197 Unde
386 1142 515 1212 perfectio
534 1141 655 1198 cernitur
673 1139 807 1210 alicujus,
827 1140 873 1211 qui
893 1139 922 1194 in
942 1141 1057 1195 veritate

111 1225 170 1282 est,
200 1237 254 1292 qua
281 1219 372 1276 differt
389 1221 424 1275 ab
443 1238 475 1275 eo
493 1221 539 1294 qui
558 1225 635 1275 extra
654 1237 712 1274 eam
731 1224 786 1282 est:
816 1236 877 1274 cum
897 1220 970 1274 enim
988 1238 1058 1276 unus

113 1299 208 1361 facile,
238 1299 308 1354 alter
325 1318 390 1356 vero
408 1318 463 1355 non
482 1301 561 1357 facile
581 1304 718 1365 mutetur,
749 1299 873 1370 sequitur
893 1316 977 1354 unum
998 1300 1059 1371 plns

112 1380 285 1435 constantiae
313 1381 499 1452 essentiaeque
526 1379 624 1436 habere
653 1396 735 1451 quam
753 1378 886 1442 alterum:
914 1379 958 1434 uti
976 1379 1057 1435 etiam

114 1460 157 1516 illi
176 1459 315 1531 cogitandi
335 1460 424 1526 modi,
444 1461 570 1533 quicum
590 1461 671 1516 rebus
687 1460 868 1523 conveniunt,
890 1460 956 1532 quia
968 1460 1058 1533 plnres

110 1541 214 1597 causas
230 1540 362 1605 habuere,
382 1540 444 1611 plus
463 1541 633 1596 constantiae
651 1543 680 1596 et
698 1541 831 1596 essentiae
850 1541 878 1594 in
898 1557 926 1595 ee
947 1541 1059 1604 habenta

114 1625 142 1675 et
161 1620 225 1692 quia
246 1620 281 1675 ab
299 1620 372 1674 omni
391 1623 468 1691 parte
487 1638 549 1675 cum
569 1638 597 1676 re
616 1622 799 1686 conveniunt,
818 1621 1054 1693 impossibilem,

113 1706 147 1756 ut
174 1700 231 1755 ullo
258 1705 377 1770 tempore
405 1699 485 1754 aliter
511 1718 527 1754 a
555 1718 582 1754 re
602 1701 671 1757 affici
693 1701 798 1772 possint
816 1700 860 1755 vel
879 1702 1055 1757 mutationem

114 1781 188 1852 pati,
209 1779 346 1852 quiajam
365 1784 446 1834 antea
465 1780 584 1835 vidimus
602 1781 640 1835 rei
660 1780 777 1851 alicujus
796 1781 943 1837 essentiam
962 1782 1055 1837 immo·

111 1860 225 1917 tabilem
256 1877 329 1923 esee:
360 1876 429 1931 quae
453 1859 545 1913 omnia
572 1860 601 1915 in
623 1859 744 1915 falsitate
763 1859 852 1915 locum
872 1878 927 1916 non
946 1861 1053 1916 habent.

109 1943 178 2003 Quo
197 1939 272 1996 dicto
290 1939 463 2011 praecedenti
483 1940 636 2010 quaestioni
656 1941 723 1996 satie
741 1943 900 2012 responsum
918 1943 979 1999 erit.
1063 1956 1065 1963 ·
