2354 3412
300 165 313 190 0

133 249 162 296 et
188 242 311 313 provisor
329 242 450 296 omnium
469 241 583 302 dicitur.
615 242 771 316 ubicunque
791 245 874 300 talem
894 249 1079 304 contusionem

132 323 161 378 in
186 332 284 377 natura
302 322 388 377 rideri
408 323 498 377 sinat?
527 323 670 386 cleliam,
699 341 748 379 cur
767 323 903 381 hominem
923 346 977 383 non
995 329 1074 384 talem

131 403 278 467 creaverit,
298 404 344 474 qui
365 419 475 473 peccare
495 421 547 457 non
567 403 677 474 posset?

165 642 247 702 Quod
266 641 300 696 ad
320 642 451 712 primum,
481 645 594 696 naturae
612 640 701 694 inesse
720 642 920 706 confusionem,
952 644 1002 700 hoc
1019 662 1065 700 non

127 726 200 776 recte
227 721 344 785 dicitur,
374 721 438 792 quia
467 721 568 775 nemini
597 738 690 774 omnes
718 737 807 775 rerum
832 739 931 777 causae
950 725 1066 797 cognitae

129 805 212 863 sunt,
251 807 282 854 nt
309 818 341 854 ea
368 801 402 854 de
430 817 458 854 re
483 800 607 871 judicare
635 799 731 871 possit.
779 801 906 871 Objeotio
935 802 984 859 illa
1011 819 1065 858 raro

127 880 215 934 oritur
242 897 275 934 ex
303 879 458 950 ignorantia
486 898 533 943 ea,
564 880 636 952 quod
662 879 737 934 ideas
754 880 895 952 generales
915 886 1065 953 posuerint,

125 959 287 1031 quibusoam
316 964 415 1030 putant
436 976 478 1013 res
498 959 672 1030 singulares,
704 966 735 1014 ut
753 961 889 1031 perfectae
908 962 979 1028 sint,
1010 981 1066 1019 con·

124 1039 217 1094 venire
246 1039 352 1095 debere.
388 1038 478 1094 Hasce
506 1039 592 1110 igitur
620 1039 694 1093 ideas
722 1041 751 1093 in
779 1039 831 1094 Dei
861 1041 1004 1099 intellectu
1024 1061 1065 1115 po·

124 1125 209 1180 nunt,
230 1136 284 1190 qua
302 1119 407 1173 ratione
428 1117 507 1172 multi
526 1118 650 1174 Platonis
664 1123 812 1174 sectatores
825 1120 972 1186 dixerunt,
993 1140 1067 1194 gene-

123 1199 194 1253 rales
222 1200 289 1253 istas
307 1198 402 1262 ideas,
432 1205 463 1253 at
482 1199 583 1254 animal
602 1199 735 1253 rationale
754 1205 823 1263 etc,
853 1201 947 1256 aDeo
966 1211 1068 1258 creatas

123 1296 189 1335 esse.
226 1277 262 1333 Et
286 1296 450 1350 quamquam
469 1278 642 1335 Aristotelici
661 1278 755 1334 dicant
774 1281 855 1334 hasce
874 1298 916 1335 res
935 1300 990 1338 non
1009 1300 1068 1337 vere

122 1359 238 1412 existere
266 1358 313 1412 sed
341 1364 448 1413 tantum
477 1359 551 1414 entia
580 1377 638 1414 esse
670 1358 802 1423 rationis,
831 1359 866 1413 ab
893 1361 950 1416 illis
979 1366 1067 1417 tamen

121 1459 201 1512 saepe
219 1445 358 1512 tamquam
377 1459 419 1496 res
439 1442 587 1504 habentur,
609 1440 709 1513 qnippe
727 1442 774 1512 qni
790 1440 862 1497 clare
874 1440 997 1496 dixerint
1009 1459 1067 1512 pro·

120 1521 270 1576 videntium
298 1521 358 1590 ejas
386 1539 441 1576 non
469 1523 504 1577 ad
533 1520 692 1584 individua,
722 1521 769 1575 sed
788 1521 823 1575 ad
842 1538 942 1592 genera
961 1525 1068 1576 tantum

119 1619 148 1655 se
175 1602 335 1663 extendere;
368 1602 408 1656 nti
428 1620 454 1655 v.
472 1619 498 1674 (o.
517 1603 593 1657 Deus
612 1600 812 1671 providentiam
832 1618 909 1655 suana
928 1618 1065 1672 nunqnam

118 1682 146 1735 in
174 1680 358 1751 Bucephalem
386 1681 498 1745 habuit,
528 1682 575 1736 sed
595 1685 704 1733 tantum
722 1679 752 1734 in
771 1681 833 1751 equi
852 1698 939 1752 genus
959 1681 1066 1735 uuiver-

117 1777 186 1814 sum.
218 1760 321 1815 Dicunt
340 1762 422 1816 etiam
443 1760 531 1815 Deum
551 1759 691 1816 scientiam
712 1776 766 1814 non
787 1758 885 1814 habere
902 1776 993 1814 rernm
1006 1777 1066 1831 par·

117 1839 275 1896 ticnlarium
294 1846 321 1894 et
340 1839 587 1911 praetereuntium,
616 1839 661 1892 scd
681 1842 788 1892 lantum
807 1839 977 1909 generalium
996 1857 1064 1912 qnae

117 1937 211 1975 eornm
229 1920 357 1991 opinione
376 1919 560 1975 immutabiles
580 1923 654 1974 sunt.
678 1918 760 1976 Quod
780 1923 872 1974 antem
891 1919 920 1973 in
939 1919 974 1974 iis
993 1927 1065 1975 recte

116 2018 165 2072 pro
184 2000 294 2056 inscitia
313 1999 411 2054 habere
430 2015 588 2070 possumus,
621 1996 685 2068 quia
708 1997 885 2068 particularia
906 1998 955 2053 illa
974 2001 1064 2054 omnia

115 2080 173 2136 sola
184 2097 293 2136 cansam
308 2078 423 2142 habent,
439 2096 492 2132 non
507 2095 570 2132 vero
583 2077 737 2149 generalior,
752 2095 814 2133 cum
828 2077 897 2133 nihil
911 2078 976 2136 sint.
995 2079 1063 2134 Cum

115 2162 201 2232 igitur
220 2160 295 2215 Deus
314 2159 522 2231 particularium
535 2164 642 2214 tantum
656 2173 738 2210 causa
751 2163 778 2211 et
791 2158 980 2228 provisorem,
1000 2176 1060 2229 par·

112 2243 255 2307 ticnlaria‚
276 2247 307 2296 ut
325 2241 503 2296 convenirent
521 2258 582 2295 cum
602 2238 657 2292 alia
676 2243 789 2302 natura,
809 2255 871 2293 cum
892 2238 1001 2309 propria
1014 2257 1062 2294 sua

113 2323 258 2378 convenire
271 2340 326 2377 non
339 2333 464 2392 possent,
480 2327 507 2375 et
520 2338 568 2393 per
580 2317 803 2388 consequentiam
819 2335 874 2373 non
887 2323 979 2373 essent
988 2319 1060 2390 quod

112 2419 204 2456 revera
231 2411 304 2458 snut.
340 2401 376 2459 V.
405 2419 430 2457 c.
460 2401 483 2456 si
504 2400 577 2454 Dens
596 2415 688 2452 omnes
707 2397 828 2452 homines
848 2398 917 2454 tales
936 2407 1059 2456 creasset
