<?xml version="1.0" encoding="UTF-8"?>
<!DOCTYPE html PUBLIC "-//W3C//DTD XHTML 1.0 Transitional//EN"
    "http://www.w3.org/TR/xhtml1/DTD/xhtml1-transitional.dtd">
<html xmlns="http://www.w3.org/1999/xhtml" xml:lang="en" lang="en">
 <head>
  <title>
</title>
<meta http-equiv="Content-Type" content="text/html;charset=utf-8" />
  <meta name='ocr-system' content='tesseract 3.04.00' />
  <meta name='ocr-capabilities' content='ocr_page ocr_carea ocr_par ocr_line ocrx_word'/>
</head>
<body>
  <div class='ocr_page' id='page_1' title='image "adbenedictidesp00spingoog_0138.png"; bbox 0 0 2354 3412; ppageno 0'>
   <div class='ocr_carea' id='block_1_1' title="bbox 559 91 616 151">
    <p class='ocr_par' dir='ltr' id='par_1_1' title="bbox 559 91 616 151">
     <span class='ocr_line' id='line_1_1' title="bbox 559 91 616 151; baseline 0.018 -1"><span class='ocrx_word' id='word_1_1' title='bbox 559 91 616 151; x_wconf 79' lang='lat' dir='ltr'><strong>lac</strong></span> 
     </span>
    </p>
   </div>
   <div class='ocr_carea' id='block_1_2' title="bbox 112 253 963 1129">
    <p class='ocr_par' dir='ltr' id='par_1_2' title="bbox 112 253 963 1129">
     <span class='ocr_line' id='line_1_2' title="bbox 112 253 963 330; baseline -0.005 -15"><span class='ocrx_word' id='word_1_2' title='bbox 112 260 152 316; x_wconf 90' lang='lat' dir='ltr'><strong>ita</strong></span> <span class='ocrx_word' id='word_1_3' title='bbox 170 256 275 330; x_wconf 80' lang='lat' dir='ltr'><strong>egendo</strong></span> <span class='ocrx_word' id='word_1_4' title='bbox 293 256 354 328; x_wconf 86' lang='lat' dir='ltr'><strong>ejus</strong></span> <span class='ocrx_word' id='word_1_5' title='bbox 372 254 538 328; x_wconf 81' lang='lat' dir='ltr'><strong>perfectione</strong></span> <span class='ocrx_word' id='word_1_6' title='bbox 557 271 607 310; x_wconf 87' lang='lat' dir='ltr'><strong>nos</strong></span> <span class='ocrx_word' id='word_1_7' title='bbox 627 253 811 326; x_wconf 83' lang='lat' dir='ltr'><strong>privaremus;</strong></span> <span class='ocrx_word' id='word_1_8' title='bbox 837 270 901 310; x_wconf 89' lang='lat' dir='ltr'><strong>cnm</strong></span> <span class='ocrx_word' id='word_1_9' title='bbox 919 271 936 310; x_wconf 90' lang='lat' dir='ltr'><strong>e</strong></span> <span class='ocrx_word' id='word_1_10' title='bbox 956 271 963 311; x_wconf 83' lang='lat' dir='ltr'><strong>r</strong></span> 
     </span>
     <span class='ocr_line' id='line_1_3' title="bbox 115 335 963 410; baseline -0.004 -15"><span class='ocrx_word' id='word_1_11' title='bbox 115 340 157 395; x_wconf 89' lang='lat' dir='ltr'><strong>rio</strong></span> <span class='ocrx_word' id='word_1_12' title='bbox 174 337 284 410; x_wconf 86' lang='lat' dir='ltr'><strong>quando</strong></span> <span class='ocrx_word' id='word_1_13' title='bbox 302 335 406 409; x_wconf 90' lang='lat' dir='ltr'><strong>aliquid</strong></span> <span class='ocrx_word' id='word_1_14' title='bbox 425 335 567 402; x_wconf 88' lang='lat' dir='ltr'><strong>volumus,</strong></span> <span class='ocrx_word' id='word_1_15' title='bbox 588 354 686 397; x_wconf 86' lang='lat' dir='ltr'><strong>conare</strong></span> <span class='ocrx_word' id='word_1_16' title='bbox 699 336 829 392; x_wconf 89' lang='lat' dir='ltr'><strong>debemus</strong></span> <span class='ocrx_word' id='word_1_17' title='bbox 841 337 963 409; x_wconf 86' lang='lat' dir='ltr'><strong>omniaq</strong></span> 
     </span>
     <span class='ocr_line' id='line_1_4' title="bbox 114 415 963 488; baseline -0.002 -14"><span class='ocrx_word' id='word_1_18' title='bbox 114 421 213 474; x_wconf 88' lang='lat' dir='ltr'><strong>natura</strong></span> <span class='ocrx_word' id='word_1_19' title='bbox 230 415 372 488; x_wconf 84' lang='lat' dir='ltr'><strong>cupimus,</strong></span> <span class='ocrx_word' id='word_1_20' title='bbox 392 415 566 484; x_wconf 88' lang='lat' dir='ltr'><strong>siveuobis‚</strong></span> <span class='ocrx_word' id='word_1_21' title='bbox 588 420 645 476; x_wconf 87' lang='lat' dir='ltr'><strong>sive</strong></span> <span class='ocrx_word' id='word_1_22' title='bbox 664 416 745 474; x_wconf 87' lang='lat' dir='ltr'><strong>rebus</strong></span> <span class='ocrx_word' id='word_1_23' title='bbox 764 417 831 488; x_wconf 88' lang='lat' dir='ltr'><strong>ipsis</strong></span> <span class='ocrx_word' id='word_1_24' title='bbox 843 416 879 473; x_wconf 78' lang='lat' dir='ltr'><strong>&#39;in</strong></span> <span class='ocrx_word' id='word_1_25' title='bbox 893 416 963 472; x_wconf 86' lang='lat' dir='ltr'><strong>meli·</strong></span> 
     </span>
     <span class='ocr_line' id='line_1_5' title="bbox 115 496 963 569; baseline 0 -15"><span class='ocrx_word' id='word_1_26' title='bbox 115 503 183 554; x_wconf 89' lang='lat' dir='ltr'><strong>tare.</strong></span> <span class='ocrx_word' id='word_1_27' title='bbox 218 497 256 553; x_wconf 81' lang='lat' dir='ltr'><strong>Et</strong></span> <span class='ocrx_word' id='word_1_28' title='bbox 273 496 339 568; x_wconf 86' lang='lat' dir='ltr'><strong>quie</strong></span> <span class='ocrx_word' id='word_1_29' title='bbox 357 512 468 560; x_wconf 86' lang='lat' dir='ltr'><strong>acrum,</strong></span> <span class='ocrx_word' id='word_1_30' title='bbox 488 513 558 569; x_wconf 90' lang='lat' dir='ltr'><strong>quae</strong></span> <span class='ocrx_word' id='word_1_31' title='bbox 577 504 641 556; x_wconf 87' lang='lat' dir='ltr'><strong>aute</strong></span> <span class='ocrx_word' id='word_1_32' title='bbox 659 498 754 555; x_wconf 89' lang='lat' dir='ltr'><strong>oculos</strong></span> <span class='ocrx_word' id='word_1_33' title='bbox 772 496 903 553; x_wconf 84' lang='lat' dir='ltr'><strong>hebemus</strong></span> <span class='ocrx_word' id='word_1_34' title='bbox 921 513 963 568; x_wconf 72' lang='lat' dir='ltr'><strong>cor</strong></span> 
     </span>
     <span class='ocr_line' id='line_1_6' title="bbox 114 573 963 652; baseline -0.004 -17"><span class='ocrx_word' id='word_1_35' title='bbox 114 595 242 650; x_wconf 88' lang='lat' dir='ltr'><strong>musque,</strong></span> <span class='ocrx_word' id='word_1_36' title='bbox 273 575 354 631; x_wconf 92' lang='lat' dir='ltr'><strong>homo</strong></span> <span class='ocrx_word' id='word_1_37' title='bbox 371 573 508 646; x_wconf 86' lang='lat' dir='ltr'><strong>periectos</strong></span> <span class='ocrx_word' id='word_1_38' title='bbox 527 579 605 636; x_wconf 89' lang='lat' dir='ltr'><strong>nobis</strong></span> <span class='ocrx_word' id='word_1_39' title='bbox 623 578 743 652; x_wconf 85' lang='lat' dir='ltr'><strong>optimus</strong></span> <span class='ocrx_word' id='word_1_40' title='bbox 762 580 818 640; x_wconf 87' lang='lat' dir='ltr'><strong>est,</strong></span> <span class='ocrx_word' id='word_1_41' title='bbox 839 576 963 650; x_wconf 87' lang='lat' dir='ltr'><strong>cuicunq</strong></span> 
     </span>
     <span class='ocr_line' id='line_1_7' title="bbox 116 653 963 730; baseline -0.004 -16"><span class='ocrx_word' id='word_1_42' title='bbox 116 658 183 714; x_wconf 87' lang='lat' dir='ltr'><strong>mini</strong></span> <span class='ocrx_word' id='word_1_43' title='bbox 201 656 334 728; x_wconf 83' lang='lat' dir='ltr'><strong>optimum</strong></span> <span class='ocrx_word' id='word_1_44' title='bbox 353 657 410 719; x_wconf 85' lang='lat' dir='ltr'><strong>est,</strong></span> <span class='ocrx_word' id='word_1_45' title='bbox 430 658 463 710; x_wconf 92' lang='lat' dir='ltr'><strong>ut</strong></span> <span class='ocrx_word' id='word_1_46' title='bbox 481 672 543 712; x_wconf 87' lang='lat' dir='ltr'><strong>eum</strong></span> <span class='ocrx_word' id='word_1_47' title='bbox 561 659 596 715; x_wconf 88' lang='lat' dir='ltr'><strong>ed</strong></span> <span class='ocrx_word' id='word_1_48' title='bbox 609 659 680 717; x_wconf 87' lang='lat' dir='ltr'><strong>hanc</strong></span> <span class='ocrx_word' id='word_1_49' title='bbox 692 656 886 730; x_wconf 73' lang='lat' dir='ltr'><strong>perfectionem</strong></span> <span class='ocrx_word' id='word_1_50' title='bbox 899 653 963 711; x_wconf 76' lang='lat' dir='ltr'><strong>edu(</strong></span> 
     </span>
     <span class='ocr_line' id='line_1_8' title="bbox 116 733 963 803; baseline -0.004 -10"><span class='ocrx_word' id='word_1_51' title='bbox 116 741 184 794; x_wconf 90' lang='lat' dir='ltr'><strong>tunc</strong></span> <span class='ocrx_word' id='word_1_52' title='bbox 210 735 283 790; x_wconf 89' lang='lat' dir='ltr'><strong>enim</strong></span> <span class='ocrx_word' id='word_1_53' title='bbox 302 733 407 799; x_wconf 87' lang='lat' dir='ltr'><strong>abiis,</strong></span> <span class='ocrx_word' id='word_1_54' title='bbox 435 733 477 789; x_wconf 93' lang='lat' dir='ltr'><strong>uti</strong></span> <span class='ocrx_word' id='word_1_55' title='bbox 495 734 538 791; x_wconf 92' lang='lat' dir='ltr'><strong>illi</strong></span> <span class='ocrx_word' id='word_1_56' title='bbox 557 737 685 803; x_wconf 84' lang='lat' dir='ltr'><strong>anobis,</strong></span> <span class='ocrx_word' id='word_1_57' title='bbox 711 734 859 792; x_wconf 88' lang='lat' dir='ltr'><strong>maximum</strong></span> <span class='ocrx_word' id='word_1_58' title='bbox 878 735 963 791; x_wconf 79' lang='lat' dir='ltr'><strong>fructu</strong></span> 
     </span>
     <span class='ocr_line' id='line_1_9' title="bbox 119 815 963 889; baseline -0.006 -14"><span class='ocrx_word' id='word_1_59' title='bbox 119 819 181 875; x_wconf 91' lang='lat' dir='ltr'><strong>bere</strong></span> <span class='ocrx_word' id='word_1_60' title='bbox 198 833 351 889; x_wconf 88' lang='lat' dir='ltr'><strong>possumus.</strong></span> <span class='ocrx_word' id='word_1_61' title='bbox 379 815 424 871; x_wconf 88' lang='lat' dir='ltr'><strong>Ad</strong></span> <span class='ocrx_word' id='word_1_62' title='bbox 444 816 516 888; x_wconf 92' lang='lat' dir='ltr'><strong>quod</strong></span> <span class='ocrx_word' id='word_1_63' title='bbox 535 817 665 875; x_wconf 78' lang='lat' dir='ltr'><strong>conducit</strong></span> <span class='ocrx_word' id='word_1_64' title='bbox 683 833 730 872; x_wconf 87' lang='lat' dir='ltr'><strong>eos</strong></span> <span class='ocrx_word' id='word_1_65' title='bbox 748 815 881 871; x_wconf 88' lang='lat' dir='ltr'><strong>contiuuo</strong></span> <span class='ocrx_word' id='word_1_66' title='bbox 894 815 934 870; x_wconf 89' lang='lat' dir='ltr'><strong>ita</strong></span> <span class='ocrx_word' id='word_1_67' title='bbox 946 817 963 871; x_wconf 76' lang='lat' dir='ltr'><strong>tr</strong></span> 
     </span>
     <span class='ocr_line' id='line_1_10' title="bbox 118 894 963 966; baseline -0.005 -12"><span class='ocrx_word' id='word_1_68' title='bbox 118 898 160 954; x_wconf 90' lang='lat' dir='ltr'><strong>uti</strong></span> <span class='ocrx_word' id='word_1_69' title='bbox 186 915 203 952; x_wconf 92' lang='lat' dir='ltr'><strong>a</strong></span> <span class='ocrx_word' id='word_1_70' title='bbox 230 895 301 952; x_wconf 86' lang='lat' dir='ltr'><strong>bone</strong></span> <span class='ocrx_word' id='word_1_71' title='bbox 328 895 496 952; x_wconf 85' lang='lat' dir='ltr'><strong>couscientia</strong></span> <span class='ocrx_word' id='word_1_72' title='bbox 524 903 617 952; x_wconf 84' lang='lat' dir='ltr'><strong>nostre</strong></span> <span class='ocrx_word' id='word_1_73' title='bbox 644 911 749 966; x_wconf 85' lang='lat' dir='ltr'><strong>semper</strong></span> <span class='ocrx_word' id='word_1_74' title='bbox 774 894 919 950; x_wconf 78' lang='lat' dir='ltr'><strong>edocemur</strong></span> <span class='ocrx_word' id='word_1_75' title='bbox 937 911 963 950; x_wconf 84' lang='lat' dir='ltr'><strong>ar</strong></span> 
     </span>
     <span class='ocr_line' id='line_1_11' title="bbox 118 972 963 1050; baseline -0.006 -17"><span class='ocrx_word' id='word_1_76' title='bbox 118 992 248 1050; x_wconf 86' lang='lat' dir='ltr'><strong>murque;</strong></span> <span class='ocrx_word' id='word_1_77' title='bbox 267 975 333 1048; x_wconf 86' lang='lat' dir='ltr'><strong>quia</strong></span> <span class='ocrx_word' id='word_1_78' title='bbox 351 975 418 1032; x_wconf 87' lang='lat' dir='ltr'><strong>haec</strong></span> <span class='ocrx_word' id='word_1_79' title='bbox 436 993 575 1048; x_wconf 89' lang='lat' dir='ltr'><strong>nunquam</strong></span> <span class='ocrx_word' id='word_1_80' title='bbox 594 975 630 1031; x_wconf 86' lang='lat' dir='ltr'><strong>ed</strong></span> <span class='ocrx_word' id='word_1_81' title='bbox 646 972 793 1047; x_wconf 90' lang='lat' dir='ltr'><strong>perniciem</strong></span> <span class='ocrx_word' id='word_1_82' title='bbox 807 978 939 1038; x_wconf 86' lang='lat' dir='ltr'><strong>nostram,</strong></span> <span class='ocrx_word' id='word_1_83' title='bbox 961 994 963 1028; x_wconf 76' lang='grc' dir='ltr'><strong>ι</strong></span> 
     </span>
     <span class='ocr_line' id='line_1_12' title="bbox 119 1052 789 1129; baseline -0.009 -16"><span class='ocrx_word' id='word_1_84' title='bbox 119 1061 210 1113; x_wconf 87' lang='lat' dir='ltr'><strong>autem</strong></span> <span class='ocrx_word' id='word_1_85' title='bbox 229 1054 263 1110; x_wconf 87' lang='lat' dir='ltr'><strong>ad</strong></span> <span class='ocrx_word' id='word_1_86' title='bbox 283 1054 399 1110; x_wconf 89' lang='lat' dir='ltr'><strong>salutem</strong></span> <span class='ocrx_word' id='word_1_87' title='bbox 419 1052 657 1129; x_wconf 75' lang='lat' dir='ltr'><strong>valetudinemque</strong></span> <span class='ocrx_word' id='word_1_88' title='bbox 676 1052 789 1110; x_wconf 83' lang='lat' dir='ltr'><strong>excitat.</strong></span> 
     </span>
    </p>
   </div>
   <div class='ocr_carea' id='block_1_3' title="bbox 124 1448 963 2006">
    <p class='ocr_par' dir='ltr' id='par_1_3' title="bbox 124 1448 963 2006">
     <span class='ocr_line' id='line_1_13' title="bbox 156 1448 963 1521; baseline -0.006 -14"><span class='ocrx_word' id='word_1_89' title='bbox 156 1452 252 1508; x_wconf 78' lang='lat' dir='ltr'><strong>Finem</strong></span> <span class='ocrx_word' id='word_1_90' title='bbox 274 1449 389 1507; x_wconf 86' lang='lat' dir='ltr'><strong>facimus</strong></span> <span class='ocrx_word' id='word_1_91' title='bbox 408 1448 525 1506; x_wconf 90' lang='lat' dir='ltr'><strong>diceudo</strong></span> <span class='ocrx_word' id='word_1_92' title='bbox 544 1450 638 1506; x_wconf 91' lang='lat' dir='ltr'><strong>odium</strong></span> <span class='ocrx_word' id='word_1_93' title='bbox 656 1450 879 1521; x_wconf 82' lang='lat' dir='ltr'><strong>eversionemque</strong></span> <span class='ocrx_word' id='word_1_94' title='bbox 897 1448 927 1503; x_wconf 89' lang='lat' dir='ltr'><strong>in</strong></span> <span class='ocrx_word' id='word_1_95' title='bbox 950 1465 963 1502; x_wconf 90' lang='lat' dir='ltr'><strong>s</strong></span> 
     </span>
     <span class='ocr_line' id='line_1_14' title="bbox 124 1529 963 1602; baseline -0.008 -14"><span class='ocrx_word' id='word_1_96' title='bbox 124 1536 168 1588; x_wconf 81' lang='lat' dir='ltr'><strong>tot</strong></span> <span class='ocrx_word' id='word_1_97' title='bbox 193 1531 412 1602; x_wconf 79' lang='lat' dir='ltr'><strong>imperfectiones</strong></span> <span class='ocrx_word' id='word_1_98' title='bbox 430 1529 545 1595; x_wconf 88' lang='lat' dir='ltr'><strong>hebere,</strong></span> <span class='ocrx_word' id='word_1_99' title='bbox 575 1533 674 1602; x_wconf 90' lang='lat' dir='ltr'><strong>quote</strong></span> <span class='ocrx_word' id='word_1_100' title='bbox 693 1529 830 1585; x_wconf 86' lang='lat' dir='ltr'><strong>contrario</strong></span> <span class='ocrx_word' id='word_1_101' title='bbox 849 1544 924 1582; x_wconf 87' lang='lat' dir='ltr'><strong>amor</strong></span> <span class='ocrx_word' id='word_1_102' title='bbox 942 1546 963 1599; x_wconf 79' lang='lat' dir='ltr'><strong>p·</strong></span> 
     </span>
     <span class='ocr_line' id='line_1_15' title="bbox 124 1608 954 1682; baseline -0.007 -15"><span class='ocrx_word' id='word_1_103' title='bbox 124 1629 190 1667; x_wconf 91' lang='lat' dir='ltr'><strong>ones</strong></span> <span class='ocrx_word' id='word_1_104' title='bbox 209 1608 324 1674; x_wconf 82' lang='lat' dir='ltr'><strong>habeat,</strong></span> <span class='ocrx_word' id='word_1_105' title='bbox 344 1609 409 1682; x_wconf 91' lang='lat' dir='ltr'><strong>quia</strong></span> <span class='ocrx_word' id='word_1_106' title='bbox 427 1614 581 1682; x_wconf 89' lang='lat' dir='ltr'><strong>postremus</strong></span> <span class='ocrx_word' id='word_1_107' title='bbox 599 1627 704 1681; x_wconf 81' lang='lat' dir='ltr'><strong>semper</strong></span> <span class='ocrx_word' id='word_1_108' title='bbox 721 1611 756 1664; x_wconf 90' lang='lat' dir='ltr'><strong>ad</strong></span> <span class='ocrx_word' id='word_1_109' title='bbox 775 1608 954 1663; x_wconf 78' lang='lat' dir='ltr'><strong>mutationem</strong></span> 
     </span>
     <span class='ocr_line' id='line_1_16' title="bbox 124 1686 963 1761; baseline -0.006 -15"><span class='ocrx_word' id='word_1_110' title='bbox 124 1691 194 1752; x_wconf 92' lang='lat' dir='ltr'><strong>lius,</strong></span> <span class='ocrx_word' id='word_1_111' title='bbox 214 1689 462 1746; x_wconf 80' lang='lat' dir='ltr'><strong>corroborationem</strong></span> <span class='ocrx_word' id='word_1_112' title='bbox 481 1694 509 1745; x_wconf 92' lang='lat' dir='ltr'><strong>et</strong></span> <span class='ocrx_word' id='word_1_113' title='bbox 527 1689 778 1761; x_wconf 83' lang='lat' dir='ltr'><strong>augmentationem</strong></span> <span class='ocrx_word' id='word_1_114' title='bbox 801 1686 907 1751; x_wconf 88' lang='lat' dir='ltr'><strong>tendit,</strong></span> <span class='ocrx_word' id='word_1_115' title='bbox 928 1703 963 1758; x_wconf 88' lang='lat' dir='ltr'><strong>qu</strong></span> 
     </span>
     <span class='ocr_line' id='line_1_17' title="bbox 124 1767 962 1842; baseline -0.008 -15"><span class='ocrx_word' id='word_1_116' title='bbox 124 1772 206 1827; x_wconf 78' lang='lat' dir='ltr'><strong>lectio</strong></span> <span class='ocrx_word' id='word_1_117' title='bbox 224 1774 283 1832; x_wconf 76' lang='lat' dir='ltr'><strong>est.</strong></span> <span class='ocrx_word' id='word_1_118' title='bbox 312 1769 459 1842; x_wconf 90' lang='lat' dir='ltr'><strong>odiumque</strong></span> <span class='ocrx_word' id='word_1_119' title='bbox 479 1788 494 1825; x_wconf 90' lang='lat' dir='ltr'><strong>e</strong></span> <span class='ocrx_word' id='word_1_120' title='bbox 513 1769 649 1826; x_wconf 87' lang='lat' dir='ltr'><strong>contrario</strong></span> <span class='ocrx_word' id='word_1_121' title='bbox 668 1786 772 1839; x_wconf 85' lang='lat' dir='ltr'><strong>semper</strong></span> <span class='ocrx_word' id='word_1_122' title='bbox 791 1768 819 1822; x_wconf 89' lang='lat' dir='ltr'><strong>in</strong></span> <span class='ocrx_word' id='word_1_123' title='bbox 839 1767 962 1822; x_wconf 87' lang='lat' dir='ltr'><strong>destruct</strong></span> 
     </span>
     <span class='ocr_line' id='line_1_18' title="bbox 126 1846 963 1919; baseline -0.008 -11"><span class='ocrx_word' id='word_1_124' title='bbox 126 1851 344 1909; x_wconf 88' lang='lat' dir='ltr'><strong>debilitationem</strong></span> <span class='ocrx_word' id='word_1_125' title='bbox 372 1853 400 1905; x_wconf 89' lang='lat' dir='ltr'><strong>et</strong></span> <span class='ocrx_word' id='word_1_126' title='bbox 418 1849 648 1906; x_wconf 85' lang='lat' dir='ltr'><strong>annihilationem</strong></span> <span class='ocrx_word' id='word_1_127' title='bbox 668 1849 760 1914; x_wconf 89' lang='lat' dir='ltr'><strong>ducit,</strong></span> <span class='ocrx_word' id='word_1_128' title='bbox 793 1865 863 1919; x_wconf 86' lang='lat' dir='ltr'><strong>quae</strong></span> <span class='ocrx_word' id='word_1_129' title='bbox 883 1850 925 1902; x_wconf 92' lang='lat' dir='ltr'><strong>est</strong></span> <span class='ocrx_word' id='word_1_130' title='bbox 945 1846 963 1918; x_wconf 76' lang='lat' dir='ltr'><strong>ip</strong></span> 
     </span>
     <span class='ocr_line' id='line_1_19' title="bbox 126 1933 266 2006; baseline 0.007 -18"><span class='ocrx_word' id='word_1_131' title='bbox 126 1933 266 2006; x_wconf 69' lang='lat' dir='ltr'><strong>perfectio.</strong></span> 
     </span>
    </p>
   </div>
   <div class='ocr_carea' id='block_1_4' title="bbox 373 2277 823 2514">
    <p class='ocr_par' dir='ltr' id='par_1_4' title="bbox 373 2277 823 2514">
     <span class='ocr_line' id='line_1_20' title="bbox 418 2277 775 2337; baseline -0.014 0"><span class='ocrx_word' id='word_1_132' title='bbox 418 2280 542 2337; x_wconf 80' lang='lat' dir='ltr'>CAPUT</span> <span class='ocrx_word' id='word_1_133' title='bbox 567 2277 775 2335; x_wconf 78' lang='lat' dir='ltr'><strong>SEPTIMUM.</strong></span> 
     </span>
     <span class='ocr_line' id='line_1_21' title="bbox 373 2469 823 2514; baseline -0.002 -2"><span class='ocrx_word' id='word_1_134' title='bbox 373 2473 413 2512; x_wconf 85' lang='lat' dir='ltr'><strong>na</strong></span> <span class='ocrx_word' id='word_1_135' title='bbox 429 2471 607 2514; x_wconf 75' lang='lat' dir='ltr'><strong>cuemruann</strong></span> <span class='ocrx_word' id='word_1_136' title='bbox 626 2472 661 2511; x_wconf 85' lang='lat' dir='ltr'><strong>eu</strong></span> <span class='ocrx_word' id='word_1_137' title='bbox 679 2469 823 2511; x_wconf 77' lang='lat' dir='ltr'><strong>rasurum.</strong></span> 
     </span>
    </p>
   </div>
   <div class='ocr_carea' id='block_1_5' title="bbox 128 2631 963 2950">
    <p class='ocr_par' dir='ltr' id='par_1_5' title="bbox 128 2631 963 2950">
     <span class='ocr_line' id='line_1_22' title="bbox 164 2631 963 2704; baseline -0.009 -12"><span class='ocrx_word' id='word_1_138' title='bbox 164 2636 234 2692; x_wconf 79' lang='lat' dir='ltr'><strong>Cum</strong></span> <span class='ocrx_word' id='word_1_139' title='bbox 253 2635 400 2691; x_wconf 86' lang='lat' dir='ltr'><strong>viderimus</strong></span> <span class='ocrx_word' id='word_1_140' title='bbox 418 2633 511 2690; x_wconf 86' lang='lat' dir='ltr'><strong>odium</strong></span> <span class='ocrx_word' id='word_1_141' title='bbox 530 2637 558 2689; x_wconf 94' lang='lat' dir='ltr'><strong>et</strong></span> <span class='ocrx_word' id='word_1_142' title='bbox 576 2636 743 2691; x_wconf 78' lang='lat' dir='ltr'><strong>aversionem</strong></span> <span class='ocrx_word' id='word_1_143' title='bbox 758 2633 814 2688; x_wconf 88' lang='lat' dir='ltr'><strong>tale</strong></span> <span class='ocrx_word' id='word_1_144' title='bbox 826 2631 892 2704; x_wconf 90' lang='lat' dir='ltr'><strong>quid</strong></span> <span class='ocrx_word' id='word_1_145' title='bbox 905 2649 963 2686; x_wconf 90' lang='lat' dir='ltr'><strong>esse</strong></span> 
     </span>
     <span class='ocr_line' id='line_1_23' title="bbox 128 2711 963 2789; baseline -0.011 -15"><span class='ocrx_word' id='word_1_146' title='bbox 128 2719 158 2774; x_wconf 92' lang='lat' dir='ltr'><strong>in</strong></span> <span class='ocrx_word' id='word_1_147' title='bbox 186 2716 220 2773; x_wconf 89' lang='lat' dir='ltr'><strong>iis</strong></span> <span class='ocrx_word' id='word_1_148' title='bbox 244 2734 384 2789; x_wconf 89' lang='lat' dir='ltr'><strong>uunquam</strong></span> <span class='ocrx_word' id='word_1_149' title='bbox 411 2717 502 2773; x_wconf 90' lang='lat' dir='ltr'><strong>locum</strong></span> <span class='ocrx_word' id='word_1_150' title='bbox 529 2715 627 2771; x_wconf 87' lang='lat' dir='ltr'><strong>habere</strong></span> <span class='ocrx_word' id='word_1_151' title='bbox 656 2714 755 2786; x_wconf 86' lang='lat' dir='ltr'><strong>possit,</strong></span> <span class='ocrx_word' id='word_1_152' title='bbox 786 2714 833 2785; x_wconf 89' lang='lat' dir='ltr'><strong>qui</strong></span> <span class='ocrx_word' id='word_1_153' title='bbox 861 2711 963 2768; x_wconf 69' lang='lat' dir='ltr'><strong>intellec</strong></span> 
     </span>
     <span class='ocr_line' id='line_1_24' title="bbox 128 2793 963 2868; baseline -0.007 -14"><span class='ocrx_word' id='word_1_154' title='bbox 128 2803 201 2854; x_wconf 88' lang='lat' dir='ltr'><strong>recte</strong></span> <span class='ocrx_word' id='word_1_155' title='bbox 229 2799 357 2861; x_wconf 90' lang='lat' dir='ltr'><strong>utantur,</strong></span> <span class='ocrx_word' id='word_1_156' title='bbox 390 2796 484 2852; x_wconf 88' lang='lat' dir='ltr'><strong>eadem</strong></span> <span class='ocrx_word' id='word_1_157' title='bbox 508 2795 613 2851; x_wconf 84' lang='lat' dir='ltr'><strong>ratione</strong></span> <span class='ocrx_word' id='word_1_158' title='bbox 632 2797 825 2868; x_wconf 87' lang='lat' dir='ltr'><strong>persequentes</strong></span> <span class='ocrx_word' id='word_1_159' title='bbox 842 2793 876 2847; x_wconf 88' lang='lat' dir='ltr'><strong>de</strong></span> <span class='ocrx_word' id='word_1_160' title='bbox 896 2801 963 2850; x_wconf 87' lang='lat' dir='ltr'><strong>ceter</strong></span> 
     </span>
     <span class='ocr_line' id='line_1_25' title="bbox 131 2875 963 2950; baseline -0.007 -15"><span class='ocrx_word' id='word_1_161' title='bbox 131 2879 254 2935; x_wconf 87' lang='lat' dir='ltr'><strong>sionibus</strong></span> <span class='ocrx_word' id='word_1_162' title='bbox 279 2895 405 2950; x_wconf 76' lang='lat' dir='ltr'><strong>agemusr</strong></span> <span class='ocrx_word' id='word_1_163' title='bbox 436 2880 464 2933; x_wconf 93' lang='lat' dir='ltr'><strong>et</strong></span> <span class='ocrx_word' id='word_1_164' title='bbox 492 2881 523 2933; x_wconf 88' lang='lat' dir='ltr'><strong>ut</strong></span> <span class='ocrx_word' id='word_1_165' title='bbox 549 2876 660 2933; x_wconf 87' lang='lat' dir='ltr'><strong>initium</strong></span> <span class='ocrx_word' id='word_1_166' title='bbox 688 2875 840 2940; x_wconf 62' lang='lat' dir='ltr'><strong>tacianum·</strong></span> <span class='ocrx_word' id='word_1_167' title='bbox 863 2875 963 2946; x_wconf 88' lang='lat' dir='ltr'><strong>primae</strong></span> 
     </span>
    </p>
   </div>
   <div class='ocr_carea' id='block_1_6' title="bbox 0 0 1205 3412">
    <p class='ocr_par' dir='ltr' id='par_1_6' title="bbox 0 0 1205 3412">
     <span class='ocr_line' id='line_1_26' title="bbox 0 0 1205 3412; baseline 0 0"><span class='ocrx_word' id='word_1_168' title='bbox 0 0 1205 3412; x_wconf 95' lang='lat' dir='ltr'><strong> </strong></span> 
     </span>
    </p>
   </div>
  </div>
 </body>
</html>
