<?xml version="1.0" encoding="UTF-8"?>
<!DOCTYPE html PUBLIC "-//W3C//DTD XHTML 1.0 Transitional//EN"
    "http://www.w3.org/TR/xhtml1/DTD/xhtml1-transitional.dtd">
<html xmlns="http://www.w3.org/1999/xhtml" xml:lang="en" lang="en">
 <head>
  <title>
</title>
<meta http-equiv="Content-Type" content="text/html;charset=utf-8" />
  <meta name='ocr-system' content='tesseract 3.04.00' />
  <meta name='ocr-capabilities' content='ocr_page ocr_carea ocr_par ocr_line ocrx_word'/>
</head>
<body>
  <div class='ocr_page' id='page_1' title='image "adbenedictidesp00spingoog_0044.png"; bbox 0 0 2354 3412; ppageno 0'>
   <div class='ocr_carea' id='block_1_1' title="bbox 568 117 605 174">
    <p class='ocr_par' dir='ltr' id='par_1_1' title="bbox 568 117 605 174">
     <span class='ocr_line' id='line_1_1' title="bbox 568 117 605 174; baseline 0 0"><span class='ocrx_word' id='word_1_1' title='bbox 568 117 605 174; x_wconf 81' lang='lat'>32</span> 
     </span>
    </p>
   </div>
   <div class='ocr_carea' id='block_1_2' title="bbox 111 276 1063 1310">
    <p class='ocr_par' dir='ltr' id='par_1_2' title="bbox 111 276 1063 1310">
     <span class='ocr_line' id='line_1_2' title="bbox 113 276 1059 350; baseline 0.002 -19"><span class='ocrx_word' id='word_1_2' title='bbox 113 281 145 332; x_wconf 90' lang='lat' dir='ltr'>ut</span> <span class='ocrx_word' id='word_1_3' title='bbox 163 294 228 332; x_wconf 89' lang='lat' dir='ltr'>vero</span> <span class='ocrx_word' id='word_1_4' title='bbox 247 278 276 332; x_wconf 92' lang='lat' dir='ltr'>in</span> <span class='ocrx_word' id='word_1_5' title='bbox 296 276 404 331; x_wconf 82' lang='lat' dir='ltr'>infinita</span> <span class='ocrx_word' id='word_1_6' title='bbox 423 280 524 332; x_wconf 77' lang='lat' dir='ltr'>nature</span> <span class='ocrx_word' id='word_1_7' title='bbox 542 280 633 348; x_wconf 80' lang='lat' dir='ltr'>partes</span> <span class='ocrx_word' id='word_1_8' title='bbox 647 277 855 349; x_wconf 82' lang='lat' dir='ltr'>concipiantur,</span> <span class='ocrx_word' id='word_1_9' title='bbox 876 277 934 332; x_wconf 88' lang='lat' dir='ltr'>lieri</span> <span class='ocrx_word' id='word_1_10' title='bbox 947 279 1059 350; x_wconf 90' lang='lat' dir='ltr'>nequit,</span> 
     </span>
     <span class='ocr_line' id='line_1_3' title="bbox 112 356 1061 430; baseline 0.004 -18"><span class='ocrx_word' id='word_1_11' title='bbox 112 364 204 430; x_wconf 83' lang='lat' dir='ltr'>partes</span> <span class='ocrx_word' id='word_1_12' title='bbox 223 359 294 413; x_wconf 89' lang='lat' dir='ltr'>enirn</span> <span class='ocrx_word' id='word_1_13' title='bbox 314 375 408 412; x_wconf 89' lang='lat' dir='ltr'>omnes</span> <span class='ocrx_word' id='word_1_14' title='bbox 426 357 499 412; x_wconf 80' lang='lat' dir='ltr'>&#39;illae</span> <span class='ocrx_word' id='word_1_15' title='bbox 518 362 617 411; x_wconf 77' lang='lat' dir='ltr'>nature</span> <span class='ocrx_word' id='word_1_16' title='bbox 636 375 685 412; x_wconf 84' lang='lat' dir='ltr'>sue</span> <span class='ocrx_word' id='word_1_17' title='bbox 703 357 827 412; x_wconf 77' lang='lat' dir='ltr'>infinitae</span> <span class='ocrx_word' id='word_1_18' title='bbox 846 374 904 412; x_wconf 86' lang='lat' dir='ltr'>esse</span> <span class='ocrx_word' id='word_1_19' title='bbox 923 356 1061 416; x_wconf 74' lang='lat' dir='ltr'>deberent</span> 
     </span>
     <span class='ocr_line' id='line_1_4' title="bbox 111 437 1059 510; baseline -0.001 -16"><span class='ocrx_word' id='word_1_20' title='bbox 111 440 207 505; x_wconf 89' lang='lat' dir='ltr'>Adde,</span> <span class='ocrx_word' id='word_1_21' title='bbox 223 439 245 494; x_wconf 88' lang='lat' dir='ltr'>si</span> <span class='ocrx_word' id='word_1_22' title='bbox 258 456 292 493; x_wconf 85' lang='lat' dir='ltr'>ex</span> <span class='ocrx_word' id='word_1_23' title='bbox 305 437 421 492; x_wconf 88' lang='lat' dir='ltr'>diversis</span> <span class='ocrx_word' id='word_1_24' title='bbox 433 437 558 508; x_wconf 82' lang='lat' dir='ltr'>partibus</span> <span class='ocrx_word' id='word_1_25' title='bbox 569 439 745 501; x_wconf 76' lang='lat' dir='ltr'>consisteret,</span> <span class='ocrx_word' id='word_1_26' title='bbox 763 437 882 508; x_wconf 82' lang='lat' dir='ltr'>intelligi</span> <span class='ocrx_word' id='word_1_27' title='bbox 896 455 951 493; x_wconf 89' lang='lat' dir='ltr'>non</span> <span class='ocrx_word' id='word_1_28' title='bbox 965 455 1059 510; x_wconf 90' lang='lat' dir='ltr'>posse,</span> 
     </span>
     <span class='ocr_line' id='line_1_5' title="bbox 113 515 1061 592; baseline 0.001 -18"><span class='ocrx_word' id='word_1_29' title='bbox 113 520 206 592; x_wconf 89' lang='lat' dir='ltr'>quod,</span> <span class='ocrx_word' id='word_1_30' title='bbox 235 517 398 590; x_wconf 83' lang='lat' dir='ltr'>quibusdam</span> <span class='ocrx_word' id='word_1_31' title='bbox 426 515 485 587; x_wconf 88' lang='lat' dir='ltr'>ejus</span> <span class='ocrx_word' id='word_1_32' title='bbox 513 517 636 588; x_wconf 83' lang='lat' dir='ltr'>portibus</span> <span class='ocrx_word' id='word_1_33' title='bbox 665 519 813 573; x_wconf 87' lang='lat' dir='ltr'>destructis</span> <span class='ocrx_word' id='word_1_34' title='bbox 826 557 834 583; x_wconf 92' lang='lat'>,</span> <span class='ocrx_word' id='word_1_35' title='bbox 868 520 992 574; x_wconf 80' lang='lat' dir='ltr'>extensio</span> <span class='ocrx_word' id='word_1_36' title='bbox 1021 525 1061 575; x_wconf 84' lang='lat' dir='ltr'>ts·</span> 
     </span>
     <span class='ocr_line' id='line_1_6' title="bbox 113 596 1062 668; baseline 0.001 -15"><span class='ocrx_word' id='word_1_37' title='bbox 113 617 175 653; x_wconf 91' lang='lat' dir='ltr'>men</span> <span class='ocrx_word' id='word_1_38' title='bbox 198 602 335 661; x_wconf 81' lang='lat' dir='ltr'>moneret,</span> <span class='ocrx_word' id='word_1_39' title='bbox 365 614 416 652; x_wconf 89' lang='lat' dir='ltr'>nec</span> <span class='ocrx_word' id='word_1_40' title='bbox 435 614 497 652; x_wconf 87' lang='lat' dir='ltr'>cum</span> <span class='ocrx_word' id='word_1_41' title='bbox 516 596 640 668; x_wconf 84' lang='lat' dir='ltr'>pertibus</span> <span class='ocrx_word' id='word_1_42' title='bbox 659 597 716 654; x_wconf 90' lang='lat' dir='ltr'>illis</span> <span class='ocrx_word' id='word_1_43' title='bbox 734 598 882 654; x_wconf 84' lang='lat' dir='ltr'>destructis</span> <span class='ocrx_word' id='word_1_44' title='bbox 901 599 983 654; x_wconf 90' lang='lat' dir='ltr'>simul</span> <span class='ocrx_word' id='word_1_45' title='bbox 1003 600 1062 654; x_wconf 90' lang='lat' dir='ltr'>des·</span> 
     </span>
     <span class='ocr_line' id='line_1_7' title="bbox 113 676 1062 751; baseline 0 -17"><span class='ocrx_word' id='word_1_46' title='bbox 113 684 263 740; x_wconf 68' lang='lat' dir='ltr'>moeretur:</span> <span class='ocrx_word' id='word_1_47' title='bbox 285 677 358 749; x_wconf 91' lang='lat' dir='ltr'>quod</span> <span class='ocrx_word' id='word_1_48' title='bbox 377 676 450 733; x_wconf 85' lang='lat' dir='ltr'>clere</span> <span class='ocrx_word' id='word_1_49' title='bbox 469 694 561 733; x_wconf 88' lang='lat' dir='ltr'>secum</span> <span class='ocrx_word' id='word_1_50' title='bbox 579 683 687 748; x_wconf 81' lang='lat' dir='ltr'>pugnat</span> <span class='ocrx_word' id='word_1_51' title='bbox 703 678 733 732; x_wconf 88' lang='lat' dir='ltr'>in</span> <span class='ocrx_word' id='word_1_52' title='bbox 747 678 850 742; x_wconf 84' lang='lat' dir='ltr'>tolire,</span> <span class='ocrx_word' id='word_1_53' title='bbox 871 696 940 750; x_wconf 83' lang='lat' dir='ltr'>quae</span> <span class='ocrx_word' id='word_1_54' title='bbox 952 680 1062 751; x_wconf 81' lang='lat' dir='ltr'>proprie</span> 
     </span>
     <span class='ocr_line' id='line_1_8' title="bbox 113 757 1063 828; baseline -0.002 -13"><span class='ocrx_word' id='word_1_55' title='bbox 113 777 164 815; x_wconf 82' lang='lat' dir='ltr'>sua</span> <span class='ocrx_word' id='word_1_56' title='bbox 191 763 289 813; x_wconf 83' lang='lat' dir='ltr'>natura</span> <span class='ocrx_word' id='word_1_57' title='bbox 315 757 423 812; x_wconf 85' lang='lat' dir='ltr'>infinite</span> <span class='ocrx_word' id='word_1_58' title='bbox 451 761 508 818; x_wconf 88' lang='lat' dir='ltr'>est,</span> <span class='ocrx_word' id='word_1_59' title='bbox 535 773 585 811; x_wconf 90' lang='lat' dir='ltr'>nec</span> <span class='ocrx_word' id='word_1_60' title='bbox 613 775 732 828; x_wconf 78' lang='lat' dir='ltr'>unquam</span> <span class='ocrx_word' id='word_1_61' title='bbox 757 758 904 812; x_wconf 78' lang='lat' dir='ltr'>terminata</span> <span class='ocrx_word' id='word_1_62' title='bbox 922 759 966 811; x_wconf 87' lang='lat' dir='ltr'>vel</span> <span class='ocrx_word' id='word_1_63' title='bbox 986 759 1063 813; x_wconf 74' lang='lat' dir='ltr'>linito</span> 
     </span>
     <span class='ocr_line' id='line_1_9' title="bbox 112 835 1062 908; baseline 0 -14"><span class='ocrx_word' id='word_1_64' title='bbox 112 858 171 896; x_wconf 88' lang='lat' dir='ltr'>esse</span> <span class='ocrx_word' id='word_1_65' title='bbox 189 838 233 893; x_wconf 89' lang='lat' dir='ltr'>vel</span> <span class='ocrx_word' id='word_1_66' title='bbox 252 837 360 908; x_wconf 79' lang='lat' dir='ltr'>concipi</span> <span class='ocrx_word' id='word_1_67' title='bbox 379 839 476 908; x_wconf 90' lang='lat' dir='ltr'>potest.</span> <span class='ocrx_word' id='word_1_68' title='bbox 512 835 613 900; x_wconf 89' lang='lat' dir='ltr'>Porro,</span> <span class='ocrx_word' id='word_1_69' title='bbox 634 836 706 908; x_wconf 90' lang='lat' dir='ltr'>quod</span> <span class='ocrx_word' id='word_1_70' title='bbox 725 837 826 892; x_wconf 80' lang='lat' dir='ltr'>attinet</span> <span class='ocrx_word' id='word_1_71' title='bbox 846 838 880 891; x_wconf 83' lang='lat' dir='ltr'>ad</span> <span class='ocrx_word' id='word_1_72' title='bbox 899 837 1062 894; x_wconf 88' lang='lat' dir='ltr'>divisionem</span> 
     </span>
     <span class='ocr_line' id='line_1_10' title="bbox 113 916 1061 986; baseline -0.002 -11"><span class='ocrx_word' id='word_1_73' title='bbox 113 922 143 975; x_wconf 93' lang='lat' dir='ltr'>in</span> <span class='ocrx_word' id='word_1_74' title='bbox 161 923 274 980; x_wconf 81' lang='lat' dir='ltr'>nature,</span> <span class='ocrx_word' id='word_1_75' title='bbox 304 936 351 981; x_wconf 81' lang='lat' dir='ltr'>es,</span> <span class='ocrx_word' id='word_1_76' title='bbox 381 917 423 971; x_wconf 89' lang='lat' dir='ltr'>uti</span> <span class='ocrx_word' id='word_1_77' title='bbox 439 916 496 986; x_wconf 83' lang='lat' dir='ltr'>jam</span> <span class='ocrx_word' id='word_1_78' title='bbox 515 916 620 971; x_wconf 89' lang='lat' dir='ltr'>dictum</span> <span class='ocrx_word' id='word_1_79' title='bbox 640 921 698 982; x_wconf 91' lang='lat' dir='ltr'>est,</span> <span class='ocrx_word' id='word_1_80' title='bbox 718 934 773 972; x_wconf 94' lang='lat' dir='ltr'>non</span> <span class='ocrx_word' id='word_1_81' title='bbox 792 918 823 972; x_wconf 87' lang='lat' dir='ltr'>fit</span> <span class='ocrx_word' id='word_1_82' title='bbox 842 919 870 972; x_wconf 91' lang='lat' dir='ltr'>in</span> <span class='ocrx_word' id='word_1_83' title='bbox 890 917 1061 982; x_wconf 75' lang='lat' dir='ltr'>substantia,</span> 
     </span>
     <span class='ocr_line' id='line_1_11' title="bbox 113 995 1063 1070; baseline -0.001 -16"><span class='ocrx_word' id='word_1_84' title='bbox 113 1000 161 1055; x_wconf 90' lang='lat' dir='ltr'>sed</span> <span class='ocrx_word' id='word_1_85' title='bbox 189 1015 293 1070; x_wconf 87' lang='lat' dir='ltr'>semper</span> <span class='ocrx_word' id='word_1_86' title='bbox 321 1002 349 1052; x_wconf 89' lang='lat' dir='ltr'>et</span> <span class='ocrx_word' id='word_1_87' title='bbox 377 995 464 1051; x_wconf 88' lang='lat' dir='ltr'>solum</span> <span class='ocrx_word' id='word_1_88' title='bbox 493 997 522 1051; x_wconf 91' lang='lat' dir='ltr'>in</span> <span class='ocrx_word' id='word_1_89' title='bbox 542 996 621 1050; x_wconf 91' lang='lat' dir='ltr'>modo</span> <span class='ocrx_word' id='word_1_90' title='bbox 641 997 827 1060; x_wconf 56' lang='lat' dir='ltr'>substantiam</span> <span class='ocrx_word' id='word_1_91' title='bbox 858 1015 956 1070; x_wconf 82' lang='lat' dir='ltr'>aquam</span> <span class='ocrx_word' id='word_1_92' title='bbox 977 998 1063 1069; x_wconf 86' lang='lat' dir='ltr'>igitur</span> 
     </span>
     <span class='ocr_line' id='line_1_12' title="bbox 113 1075 1062 1142; baseline -0.001 -7"><span class='ocrx_word' id='word_1_93' title='bbox 113 1080 255 1141; x_wconf 89' lang='lat' dir='ltr'>dividens,</span> <span class='ocrx_word' id='word_1_94' title='bbox 276 1096 331 1132; x_wconf 91' lang='lat' dir='ltr'>non</span> <span class='ocrx_word' id='word_1_95' title='bbox 350 1075 532 1132; x_wconf 81' lang='lat' dir='ltr'>substantiam</span> <span class='ocrx_word' id='word_1_96' title='bbox 551 1075 661 1142; x_wconf 90' lang='lat' dir='ltr'>divido,</span> <span class='ocrx_word' id='word_1_97' title='bbox 683 1079 730 1132; x_wconf 90' lang='lat' dir='ltr'>sed</span> <span class='ocrx_word' id='word_1_98' title='bbox 749 1082 857 1133; x_wconf 84' lang='lat' dir='ltr'>tantum</span> <span class='ocrx_word' id='word_1_99' title='bbox 876 1080 985 1133; x_wconf 89' lang='lat' dir='ltr'>modum</span> <span class='ocrx_word' id='word_1_100' title='bbox 999 1079 1062 1134; x_wconf 88' lang='lat' dir='ltr'>sub·</span> 
     </span>
     <span class='ocr_line' id='line_1_13' title="bbox 114 1157 1063 1229; baseline 0 -15"><span class='ocrx_word' id='word_1_101' title='bbox 114 1160 249 1220; x_wconf 72' lang='lat' dir='ltr'>stentieez</span> <span class='ocrx_word' id='word_1_102' title='bbox 278 1175 347 1229; x_wconf 82' lang='lat' dir='ltr'>quse</span> <span class='ocrx_word' id='word_1_103' title='bbox 375 1157 546 1219; x_wconf 78' lang='lat' dir='ltr'>substantia,</span> <span class='ocrx_word' id='word_1_104' title='bbox 575 1174 731 1228; x_wconf 78' lang='lat' dir='ltr'>quenquam</span> <span class='ocrx_word' id='word_1_105' title='bbox 755 1158 937 1214; x_wconf 89' lang='lat' dir='ltr'>diversimode</span> <span class='ocrx_word' id='word_1_106' title='bbox 957 1159 1063 1214; x_wconf 86' lang='lat' dir='ltr'>modili-</span> 
     </span>
     <span class='ocr_line' id='line_1_14' title="bbox 114 1237 610 1310; baseline -0.01 -15"><span class='ocrx_word' id='word_1_107' title='bbox 114 1243 189 1304; x_wconf 77' lang='lat' dir='ltr'>cata,</span> <span class='ocrx_word' id='word_1_108' title='bbox 211 1255 316 1310; x_wconf 88' lang='lat' dir='ltr'>semper</span> <span class='ocrx_word' id='word_1_109' title='bbox 334 1241 426 1292; x_wconf 83' lang='lat' dir='ltr'>temen</span> <span class='ocrx_word' id='word_1_110' title='bbox 445 1237 539 1291; x_wconf 83' lang='lat' dir='ltr'>endem</span> <span class='ocrx_word' id='word_1_111' title='bbox 558 1241 610 1290; x_wconf 90' lang='lat' dir='ltr'>est.</span> 
     </span>
    </p>
   </div>
   <div class='ocr_carea' id='block_1_3' title="bbox 114 1551 1065 2668">
    <p class='ocr_par' dir='ltr' id='par_1_3' title="bbox 114 1551 1065 2668">
     <span class='ocr_line' id='line_1_15' title="bbox 150 1551 1063 1625; baseline 0.003 -15"><span class='ocrx_word' id='word_1_112' title='bbox 150 1555 258 1610; x_wconf 89' lang='lat' dir='ltr'>Divisio</span> <span class='ocrx_word' id='word_1_113' title='bbox 281 1555 373 1625; x_wconf 86' lang='lat' dir='ltr'>itaque</span> <span class='ocrx_word' id='word_1_114' title='bbox 393 1551 435 1606; x_wconf 88' lang='lat' dir='ltr'>vel</span> <span class='ocrx_word' id='word_1_115' title='bbox 456 1554 545 1624; x_wconf 84' lang='lat' dir='ltr'>passio</span> <span class='ocrx_word' id='word_1_116' title='bbox 558 1554 586 1608; x_wconf 90' lang='lat' dir='ltr'>in</span> <span class='ocrx_word' id='word_1_117' title='bbox 600 1554 680 1608; x_wconf 92' lang='lat' dir='ltr'>modo</span> <span class='ocrx_word' id='word_1_118' title='bbox 693 1558 799 1609; x_wconf 85' lang='lat' dir='ltr'>tantum</span> <span class='ocrx_word' id='word_1_119' title='bbox 813 1556 858 1618; x_wconf 80' lang='lat' dir='ltr'>fit:</span> <span class='ocrx_word' id='word_1_120' title='bbox 881 1558 936 1619; x_wconf 87' lang='lat' dir='ltr'>uti,</span> <span class='ocrx_word' id='word_1_121' title='bbox 958 1557 981 1612; x_wconf 87' lang='lat' dir='ltr'>si</span> <span class='ocrx_word' id='word_1_122' title='bbox 995 1557 1063 1614; x_wconf 92' lang='lat' dir='ltr'>dioi-</span> 
     </span>
     <span class='ocr_line' id='line_1_16' title="bbox 115 1632 1064 1703; baseline 0.003 -13"><span class='ocrx_word' id='word_1_123' title='bbox 115 1653 190 1698; x_wconf 90' lang='lat' dir='ltr'>mns,</span> <span class='ocrx_word' id='word_1_124' title='bbox 221 1635 356 1688; x_wconf 89' lang='lat' dir='ltr'>hominem</span> <span class='ocrx_word' id='word_1_125' title='bbox 384 1633 471 1703; x_wconf 88' lang='lat' dir='ltr'>perire</span> <span class='ocrx_word' id='word_1_126' title='bbox 490 1632 534 1686; x_wconf 90' lang='lat' dir='ltr'>vel</span> <span class='ocrx_word' id='word_1_127' title='bbox 553 1633 673 1698; x_wconf 88' lang='lat' dir='ltr'>destrui,</span> <span class='ocrx_word' id='word_1_128' title='bbox 705 1641 755 1689; x_wconf 84' lang='lat' dir='ltr'>lroc</span> <span class='ocrx_word' id='word_1_129' title='bbox 774 1639 883 1690; x_wconf 85' lang='lat' dir='ltr'>tentum</span> <span class='ocrx_word' id='word_1_130' title='bbox 902 1637 935 1690; x_wconf 89' lang='lat' dir='ltr'>de</span> <span class='ocrx_word' id='word_1_131' title='bbox 955 1638 1064 1693; x_wconf 90' lang='lat' dir='ltr'>homine</span> 
     </span>
     <span class='ocr_line' id='line_1_17' title="bbox 117 1713 1061 1785; baseline 0.004 -16"><span class='ocrx_word' id='word_1_132' title='bbox 117 1715 299 1785; x_wconf 84' lang='lat' dir='ltr'>intelligitur,</span> <span class='ocrx_word' id='word_1_133' title='bbox 330 1716 410 1784; x_wconf 90' lang='lat' dir='ltr'>prout</span> <span class='ocrx_word' id='word_1_134' title='bbox 435 1713 489 1766; x_wconf 86' lang='lat' dir='ltr'>tale</span> <span class='ocrx_word' id='word_1_135' title='bbox 513 1713 693 1784; x_wconf 89' lang='lat' dir='ltr'>compositum</span> <span class='ocrx_word' id='word_1_136' title='bbox 712 1718 739 1769; x_wconf 90' lang='lat' dir='ltr'>et</span> <span class='ocrx_word' id='word_1_137' title='bbox 758 1715 853 1769; x_wconf 89' lang='lat' dir='ltr'>modus</span> <span class='ocrx_word' id='word_1_138' title='bbox 873 1717 1061 1783; x_wconf 77' lang='lat' dir='ltr'>substantiae,</span> 
     </span>
     <span class='ocr_line' id='line_1_18' title="bbox 114 1793 1065 1870; baseline 0.004 -20"><span class='ocrx_word' id='word_1_139' title='bbox 114 1813 170 1850; x_wconf 91' lang='lat' dir='ltr'>non</span> <span class='ocrx_word' id='word_1_140' title='bbox 189 1812 253 1848; x_wconf 89' lang='lat' dir='ltr'>vero</span> <span class='ocrx_word' id='word_1_141' title='bbox 271 1794 331 1864; x_wconf 84' lang='lat' dir='ltr'>ipso</span> <span class='ocrx_word' id='word_1_142' title='bbox 349 1793 505 1847; x_wconf 78' lang='lat' dir='ltr'>substantie</span> <span class='ocrx_word' id='word_1_143' title='bbox 523 1793 574 1856; x_wconf 89' lang='lat' dir='ltr'>sit,</span> <span class='ocrx_word' id='word_1_144' title='bbox 596 1812 646 1850; x_wconf 92' lang='lat' dir='ltr'>nec</span> <span class='ocrx_word' id='word_1_145' title='bbox 664 1797 752 1867; x_wconf 86' lang='lat' dir='ltr'>quoad</span> <span class='ocrx_word' id='word_1_146' title='bbox 764 1797 965 1862; x_wconf 78' lang='lat' dir='ltr'>substantiam,</span> <span class='ocrx_word' id='word_1_147' title='bbox 984 1816 1065 1870; x_wconf 74' lang='lat' dir='ltr'>nque</span> 
     </span>
     <span class='ocr_line' id='line_1_19' title="bbox 115 1872 1062 1947; baseline 0.005 -19"><span class='ocrx_word' id='word_1_148' title='bbox 115 1875 224 1946; x_wconf 86' lang='lat' dir='ltr'>pendet.</span> <span class='ocrx_word' id='word_1_149' title='bbox 264 1875 349 1929; x_wconf 91' lang='lat' dir='ltr'>Porro</span> <span class='ocrx_word' id='word_1_150' title='bbox 365 1872 423 1942; x_wconf 84' lang='lat' dir='ltr'>jam</span> <span class='ocrx_word' id='word_1_151' title='bbox 442 1873 597 1944; x_wconf 53' lang='lat' dir='ltr'>posuimus</span> <span class='ocrx_word' id='word_1_152' title='bbox 619 1876 660 1930; x_wconf 88' lang='lat' dir='ltr'>uti</span> <span class='ocrx_word' id='word_1_153' title='bbox 674 1882 702 1930; x_wconf 91' lang='lat' dir='ltr'>et</span> <span class='ocrx_word' id='word_1_154' title='bbox 715 1881 808 1947; x_wconf 84' lang='lat' dir='ltr'>postea</span> <span class='ocrx_word' id='word_1_155' title='bbox 820 1879 881 1942; x_wconf 89' lang='lat' dir='ltr'>fiet,</span> <span class='ocrx_word' id='word_1_156' title='bbox 902 1878 971 1932; x_wconf 90' lang='lat' dir='ltr'>nihil</span> <span class='ocrx_word' id='word_1_157' title='bbox 984 1886 1062 1934; x_wconf 81' lang='lat' dir='ltr'>extre</span> 
     </span>
     <span class='ocr_line' id='line_1_20' title="bbox 115 1953 1063 2030; baseline 0.003 -20"><span class='ocrx_word' id='word_1_158' title='bbox 115 1956 204 2010; x_wconf 88' lang='lat' dir='ltr'>Deum</span> <span class='ocrx_word' id='word_1_159' title='bbox 224 1953 353 2008; x_wconf 83' lang='lat' dir='ltr'>exsistere</span> <span class='ocrx_word' id='word_1_160' title='bbox 373 1971 488 2024; x_wconf 86' lang='lat' dir='ltr'>eumque</span> <span class='ocrx_word' id='word_1_161' title='bbox 506 1971 564 2007; x_wconf 87' lang='lat' dir='ltr'>esse</span> <span class='ocrx_word' id='word_1_162' title='bbox 583 1971 692 2009; x_wconf 80' lang='lat' dir='ltr'>causam</span> <span class='ocrx_word' id='word_1_163' title='bbox 712 1957 913 2014; x_wconf 84' lang='lat' dir='ltr'>immanentem.</span> <span class='ocrx_word' id='word_1_164' title='bbox 938 1958 992 2012; x_wconf 82' lang='lat' dir='ltr'>Sed</span> <span class='ocrx_word' id='word_1_165' title='bbox 1004 1977 1063 2030; x_wconf 84' lang='lat' dir='ltr'>pus·</span> 
     </span>
     <span class='ocr_line' id='line_1_21' title="bbox 116 2033 1063 2109; baseline 0.001 -17"><span class='ocrx_word' id='word_1_166' title='bbox 116 2037 173 2094; x_wconf 85' lang='lat' dir='ltr'>sio.</span> <span class='ocrx_word' id='word_1_167' title='bbox 194 2053 255 2091; x_wconf 92' lang='lat' dir='ltr'>cum</span> <span class='ocrx_word' id='word_1_168' title='bbox 275 2051 359 2105; x_wconf 85' lang='lat' dir='ltr'>egens</span> <span class='ocrx_word' id='word_1_169' title='bbox 377 2037 405 2087; x_wconf 88' lang='lat' dir='ltr'>et</span> <span class='ocrx_word' id='word_1_170' title='bbox 419 2033 527 2105; x_wconf 83' lang='lat' dir='ltr'>petiens</span> <span class='ocrx_word' id='word_1_171' title='bbox 537 2034 661 2089; x_wconf 89' lang='lat' dir='ltr'>distincti</span> <span class='ocrx_word' id='word_1_172' title='bbox 672 2035 745 2100; x_wconf 89' lang='lat' dir='ltr'>sint,</span> <span class='ocrx_word' id='word_1_173' title='bbox 765 2041 858 2106; x_wconf 85' lang='lat' dir='ltr'>aperte</span> <span class='ocrx_word' id='word_1_174' title='bbox 869 2037 1063 2109; x_wconf 84' lang='lat' dir='ltr'>estimperiec·</span> 
     </span>
     <span class='ocr_line' id='line_1_22' title="bbox 115 2114 1064 2188; baseline 0.003 -17"><span class='ocrx_word' id='word_1_175' title='bbox 115 2117 170 2176; x_wconf 82' lang='lat' dir='ltr'>tio:</span> <span class='ocrx_word' id='word_1_176' title='bbox 192 2115 298 2186; x_wconf 82' lang='lat' dir='ltr'>petiens</span> <span class='ocrx_word' id='word_1_177' title='bbox 317 2114 388 2167; x_wconf 90' lang='lat' dir='ltr'>enim</span> <span class='ocrx_word' id='word_1_178' title='bbox 408 2114 561 2168; x_wconf 80' lang='lat' dir='ltr'>necessario</span> <span class='ocrx_word' id='word_1_179' title='bbox 579 2114 613 2168; x_wconf 84' lang='lat' dir='ltr'>eb</span> <span class='ocrx_word' id='word_1_180' title='bbox 633 2133 664 2168; x_wconf 91' lang='lat' dir='ltr'>eo</span> <span class='ocrx_word' id='word_1_181' title='bbox 683 2116 799 2185; x_wconf 89' lang='lat' dir='ltr'>pendere</span> <span class='ocrx_word' id='word_1_182' title='bbox 819 2116 916 2182; x_wconf 87' lang='lat' dir='ltr'>dehet,</span> <span class='ocrx_word' id='word_1_183' title='bbox 935 2118 1064 2188; x_wconf 73' lang='lat' dir='ltr'>quodeu-</span> 
     </span>
     <span class='ocr_line' id='line_1_23' title="bbox 116 2193 1064 2271; baseline 0.003 -21"><span class='ocrx_word' id='word_1_184' title='bbox 116 2198 251 2251; x_wconf 88' lang='lat' dir='ltr'>trinseous</span> <span class='ocrx_word' id='word_1_185' title='bbox 270 2193 423 2266; x_wconf 86' lang='lat' dir='ltr'>passionem</span> <span class='ocrx_word' id='word_1_186' title='bbox 443 2193 471 2247; x_wconf 93' lang='lat' dir='ltr'>in</span> <span class='ocrx_word' id='word_1_187' title='bbox 491 2210 523 2246; x_wconf 94' lang='lat' dir='ltr'>eo</span> <span class='ocrx_word' id='word_1_188' title='bbox 542 2194 712 2256; x_wconf 77' lang='lat' dir='ltr'>causaverit:</span> <span class='ocrx_word' id='word_1_189' title='bbox 733 2196 806 2266; x_wconf 92' lang='lat' dir='ltr'>quod</span> <span class='ocrx_word' id='word_1_190' title='bbox 825 2196 853 2250; x_wconf 93' lang='lat' dir='ltr'>in</span> <span class='ocrx_word' id='word_1_191' title='bbox 866 2197 941 2260; x_wconf 85' lang='lat' dir='ltr'>Deo,</span> <span class='ocrx_word' id='word_1_192' title='bbox 962 2199 1064 2271; x_wconf 87' lang='lat' dir='ltr'>quippe</span> 
     </span>
     <span class='ocr_line' id='line_1_24' title="bbox 116 2273 1064 2348; baseline 0.002 -18"><span class='ocrx_word' id='word_1_193' title='bbox 116 2277 252 2348; x_wconf 80' lang='lat' dir='ltr'>perfecto,</span> <span class='ocrx_word' id='word_1_194' title='bbox 271 2273 347 2328; x_wconf 91' lang='lat' dir='ltr'>nullo</span> <span class='ocrx_word' id='word_1_195' title='bbox 362 2274 441 2327; x_wconf 91' lang='lat' dir='ltr'>modo</span> <span class='ocrx_word' id='word_1_196' title='bbox 454 2275 492 2329; x_wconf 91' lang='lat' dir='ltr'>fit.</span> <span class='ocrx_word' id='word_1_197' title='bbox 511 2275 596 2330; x_wconf 91' lang='lat' dir='ltr'>Porro</span> <span class='ocrx_word' id='word_1_198' title='bbox 610 2275 643 2327; x_wconf 90' lang='lat' dir='ltr'>de</span> <span class='ocrx_word' id='word_1_199' title='bbox 654 2274 704 2329; x_wconf 85' lang='lat' dir='ltr'>tali</span> <span class='ocrx_word' id='word_1_200' title='bbox 715 2280 828 2345; x_wconf 84' lang='lat' dir='ltr'>agente,</span> <span class='ocrx_word' id='word_1_201' title='bbox 844 2276 890 2348; x_wconf 91' lang='lat' dir='ltr'>qui</span> <span class='ocrx_word' id='word_1_202' title='bbox 901 2294 987 2347; x_wconf 91' lang='lat' dir='ltr'>perse</span> <span class='ocrx_word' id='word_1_203' title='bbox 1002 2295 1064 2348; x_wconf 93' lang='lat' dir='ltr'>ope·</span> 
     </span>
     <span class='ocr_line' id='line_1_25' title="bbox 116 2353 1064 2426; baseline 0.001 -16"><span class='ocrx_word' id='word_1_204' title='bbox 116 2361 209 2411; x_wconf 85' lang='lat' dir='ltr'>retur.</span> <span class='ocrx_word' id='word_1_205' title='bbox 230 2354 284 2410; x_wconf 82' lang='lat' dir='ltr'>diei</span> <span class='ocrx_word' id='word_1_206' title='bbox 298 2354 393 2426; x_wconf 89' lang='lat' dir='ltr'>nequit</span> <span class='ocrx_word' id='word_1_207' title='bbox 407 2372 468 2408; x_wconf 90' lang='lat' dir='ltr'>eum</span> <span class='ocrx_word' id='word_1_208' title='bbox 479 2353 711 2424; x_wconf 85' lang='lat' dir='ltr'>imperfectionem</span> <span class='ocrx_word' id='word_1_209' title='bbox 722 2357 852 2426; x_wconf 84' lang='lat' dir='ltr'>patieutis</span> <span class='ocrx_word' id='word_1_210' title='bbox 863 2357 974 2420; x_wconf 83' lang='lat' dir='ltr'>habere,</span> <span class='ocrx_word' id='word_1_211' title='bbox 1003 2375 1064 2413; x_wconf 85' lang='lat' dir='ltr'>curn</span> 
     </span>
     <span class='ocr_line' id='line_1_26' title="bbox 116 2435 1064 2508; baseline 0.002 -18"><span class='ocrx_word' id='word_1_212' title='bbox 116 2435 151 2490; x_wconf 83' lang='lat' dir='ltr'>ab</span> <span class='ocrx_word' id='word_1_213' title='bbox 164 2435 218 2489; x_wconf 86' lang='lat' dir='ltr'>alio</span> <span class='ocrx_word' id='word_1_214' title='bbox 232 2452 286 2488; x_wconf 88' lang='lat' dir='ltr'>non</span> <span class='ocrx_word' id='word_1_215' title='bbox 300 2436 422 2505; x_wconf 85' lang='lat' dir='ltr'>patietur</span> <span class='ocrx_word' id='word_1_216' title='bbox 430 2473 439 2499; x_wconf 97' lang='lat'>,</span> <span class='ocrx_word' id='word_1_217' title='bbox 464 2437 504 2488; x_wconf 90' lang='lat' dir='ltr'>uti</span> <span class='ocrx_word' id='word_1_218' title='bbox 517 2435 675 2490; x_wconf 87' lang='lat' dir='ltr'>intellectus</span> <span class='ocrx_word' id='word_1_219' title='bbox 688 2436 749 2507; x_wconf 90' lang='lat' dir='ltr'>qui,</span> <span class='ocrx_word' id='word_1_220' title='bbox 765 2437 807 2491; x_wconf 93' lang='lat' dir='ltr'>uti</span> <span class='ocrx_word' id='word_1_221' title='bbox 821 2442 849 2490; x_wconf 90' lang='lat' dir='ltr'>et</span> <span class='ocrx_word' id='word_1_222' title='bbox 862 2437 1016 2508; x_wconf 86' lang='lat' dir='ltr'>philosophi</span> <span class='ocrx_word' id='word_1_223' title='bbox 1028 2438 1064 2492; x_wconf 93' lang='lat' dir='ltr'>di·</span> 
     </span>
     <span class='ocr_line' id='line_1_27' title="bbox 117 2514 1063 2585; baseline 0.002 -15"><span class='ocrx_word' id='word_1_224' title='bbox 117 2520 198 2578; x_wconf 88' lang='lat' dir='ltr'>cnut,</span> <span class='ocrx_word' id='word_1_225' title='bbox 220 2514 279 2585; x_wconf 85' lang='lat' dir='ltr'>ejus</span> <span class='ocrx_word' id='word_1_226' title='bbox 298 2515 421 2569; x_wconf 83' lang='lat' dir='ltr'>idearum</span> <span class='ocrx_word' id='word_1_227' title='bbox 441 2520 589 2577; x_wconf 82' lang='lat' dir='ltr'>oeuseest;</span> <span class='ocrx_word' id='word_1_228' title='bbox 610 2533 670 2570; x_wconf 89' lang='lat' dir='ltr'>oum</span> <span class='ocrx_word' id='word_1_229' title='bbox 683 2533 745 2570; x_wconf 88' lang='lat' dir='ltr'>vero</span> <span class='ocrx_word' id='word_1_230' title='bbox 757 2516 793 2570; x_wconf 90' lang='lat' dir='ltr'>sit</span> <span class='ocrx_word' id='word_1_231' title='bbox 803 2533 885 2570; x_wconf 80' lang='lat' dir='ltr'>causa</span> <span class='ocrx_word' id='word_1_232' title='bbox 896 2517 1063 2580; x_wconf 82' lang='lat' dir='ltr'>immanens,</span> 
     </span>
     <span class='ocr_line' id='line_1_28' title="bbox 118 2593 1064 2668; baseline 0.003 -19"><span class='ocrx_word' id='word_1_233' title='bbox 118 2597 179 2668; x_wconf 88' lang='lat' dir='ltr'>quis</span> <span class='ocrx_word' id='word_1_234' title='bbox 208 2596 297 2650; x_wconf 87' lang='lat' dir='ltr'>dicere</span> <span class='ocrx_word' id='word_1_235' title='bbox 322 2593 448 2658; x_wconf 85' lang='lat' dir='ltr'>audebit,</span> <span class='ocrx_word' id='word_1_236' title='bbox 480 2612 541 2648; x_wconf 91' lang='lat' dir='ltr'>eum</span> <span class='ocrx_word' id='word_1_237' title='bbox 567 2594 755 2666; x_wconf 87' lang='lat' dir='ltr'>imperfectum</span> <span class='ocrx_word' id='word_1_238' title='bbox 775 2613 833 2651; x_wconf 87' lang='lat' dir='ltr'>esse</span> <span class='ocrx_word' id='word_1_239' title='bbox 852 2597 982 2668; x_wconf 84' lang='lat' dir='ltr'>quamdiu</span> <span class='ocrx_word' id='word_1_240' title='bbox 1002 2616 1019 2653; x_wconf 83' lang='lat' dir='ltr'>n</span> <span class='ocrx_word' id='word_1_241' title='bbox 1037 2615 1064 2652; x_wconf 87' lang='lat' dir='ltr'>se</span> 
     </span>
    </p>
   </div>
   <div class='ocr_carea' id='block_1_4' title="bbox 0 0 1188 3412">
    <p class='ocr_par' dir='ltr' id='par_1_4' title="bbox 0 0 1188 3412">
     <span class='ocr_line' id='line_1_29' title="bbox 0 0 1188 3412; baseline 0 0"><span class='ocrx_word' id='word_1_242' title='bbox 0 0 1188 3412; x_wconf 95' lang='lat' dir='ltr'> </span> 
     </span>
    </p>
   </div>
  </div>
 </body>
</html>
