2354 3412
555 129 612 188 102

111 293 312 365 cognitionem,
349 310 410 349 cum
447 293 557 348 omniuo
594 290 760 363 impossibile
788 290 934 355 ducamus,
965 307 999 362 qn

109 390 190 445 quarn
197 412 206 438 ,
227 373 280 428 uisi
293 373 439 445 praedictis
453 374 540 429 modis
553 376 580 427 et
593 370 745 426 rationibus
757 371 912 442 conciperet
924 370 982 425 sive
995 389 999 422 ι

111 457 250 518 nosceret,
270 454 304 507 ad
323 452 440 524 aliquem
460 469 592 519 amorem,
613 454 808 526 cupiditatem,
829 452 873 508 vel
891 452 999 507 aliums

112 532 197 589 tionis
216 532 325 588 modum
344 533 446 588 moveri
464 550 552 604 posse.

423 929 547 986 CAPUT
566 928 749 985 TERTIUM.

299 1104 339 1142 ns
356 1102 503 1144 rssssoms
521 1102 643 1143 omousia
662 1103 701 1141 ax
719 1101 869 1142 ommorun.

148 1247 188 1302 Ut
207 1245 362 1311 videamus,
385 1246 519 1318 quomodo
538 1247 593 1316 (uti
612 1246 744 1312 diximus)
764 1244 903 1316 passiones
922 1262 957 1298 ex
972 1261 999 1314 op

114 1343 166 1381 one
184 1325 323 1391 oriantur,
344 1326 378 1380 ad
398 1330 470 1405 recte
491 1331 519 1380 et
537 1325 724 1396 intelligenter
743 1325 793 1380 hoc
811 1324 997 1396 laciendumq

114 1406 176 1461 dam
204 1422 297 1460 eorum
325 1405 535 1471 adhibebimus,
557 1410 585 1460 et
611 1405 640 1460 in
667 1405 701 1460 iis
720 1408 859 1476 tamqnam
878 1405 907 1458 iu
926 1421 999 1459 exem

114 1485 359 1540 demonstrabimus
377 1485 450 1557 quod
466 1487 598 1550 dicimus,
619 1489 647 1540 et
666 1486 774 1558 quidem
794 1486 897 1557 primo:

150 1644 365 1708 Admirationem,
392 1661 462 1715 quae
489 1644 598 1699 videtur
625 1645 654 1701 in
679 1660 710 1699 eo
729 1644 776 1716 qui
795 1660 838 1698 res
852 1643 940 1714 primo
958 1655 999 1697 rat

115 1723 271 1793 cognoscit;
298 1739 359 1777 cum
388 1723 459 1777 enirn
488 1741 520 1778 ex
540 1723 750 1795 particularibus
769 1723 932 1796 quibusdam
951 1739 999 1778 con

116 1801 219 1870 sionem
247 1803 313 1859 lacit
341 1805 509 1876 generalem,
539 1810 677 1879 tamquam
705 1805 910 1876 obstupefactus
929 1809 987 1868 est,

116 1880 220 1953 aliquid
239 1883 315 1938 videt
328 1884 391 1940 huic
411 1884 469 1956 ejus
482 1886 652 1942 conclusioni
665 1886 831 1942 contrarium
844 1887 860 1942 ¹.
878 1884 975 1941 Veluti
989 1902 999 1957 s

52 2152 63 2167 ”
144 2140 168 2198 1)
184 2138 254 2187 Quod
269 2155 315 2187 non
330 2142 363 2188 ita
378 2140 546 2201 intelligendum
562 2156 588 2188 ao
603 2142 623 2188 si
639 2141 781 2188 admirationi
796 2139 999 2201 semperconclusir

112 2208 177 2256 malis
202 2211 332 2270 praecedere
355 2211 456 2269 deberet,
480 2227 530 2259 oum
552 2217 574 2259 et
590 2214 658 2259 tacite
674 2213 750 2260 adesse
766 2211 849 2273 possit,
876 2209 914 2256 ubi
931 2225 967 2256 res
981 2209 999 2256 it

112 2279 179 2326 aliter
194 2295 242 2327 essa
258 2282 412 2329 consideratur
427 2297 492 2341 qnam
508 2298 555 2329 earn
572 2283 658 2342 videre,
676 2283 753 2331 andire
769 2284 803 2330 vsl
820 2282 849 2329 int
855 2281 946 2341 elligere
962 2280 997 2326 sol

113 2349 156 2397 Uti
171 2367 192 2398 s.
208 2366 227 2397 c.
244 2352 376 2400 Aristotcles
392 2368 468 2400 canem
484 2353 566 2400 animal
580 2355 664 2402 latrans
681 2356 756 2401 dicens
772 2354 823 2400 inde
838 2350 983 2400 concludebat

112 2420 197 2468 latrans
213 2436 289 2469 canem
305 2439 366 2481 esse,
382 2423 420 2470 nbi
436 2440 488 2472 vero
504 2424 599 2472 rusticus
615 2439 691 2472 canem
707 2426 820 2480 nominat,
836 2424 904 2470 tacito
920 2437 986 2469 omne

113 2491 195 2549 telligit
219 2494 278 2552 qnod
301 2496 435 2542 Aristoteles
459 2495 588 2543 delinitione
611 2511 663 2553 sna3
688 2496 721 2542 ita
737 2500 774 2552 nt,
799 2494 837 2540 nbi
853 2509 930 2540 canem
948 2493 999 2540 latre

113 2560 203 2620 audiat,
219 2563 291 2612 dicat:
315 2566 376 2613 oanis
392 2572 434 2614 est.
466 2567 573 2614 Rusticus
589 2567 671 2626 igitur,
687 2579 811 2625 quanquam
828 2563 999 2611 conclusionem

116 2631 215 2690 lecisset,
242 2635 280 2682 nbi
304 2637 364 2684 aliud
380 2637 464 2684 animal
479 2639 564 2684 latrans
579 2637 680 2695 audiret,
705 2652 751 2683 non
767 2636 841 2682 minus
856 2635 999 2681 miraretur<

114 2713 256 2764 posueratque
278 2721 344 2766 qnam
368 2708 516 2766 Aristoteles,
538 2709 681 2756 conclusione
701 2709 768 2755 lacta.
803 2708 888 2765 Porro,
913 2705 999 2764 aliquid

115 2774 291 2836 madvertentes,
311 2777 398 2838 dequo
415 2787 481 2828 antea
497 2795 543 2826 non
559 2780 730 2840 cogitassemus,
747 2781 789 2826 hoc
805 2794 852 2825 non
867 2778 913 2825 tale
929 2793 977 2824 esse
994 2792 999 2836 1
