2354 3412
555 96 612 154 130

116 255 262 328 Cupiditas
281 263 309 310 et
326 254 464 319 Laetitie;
494 255 528 310 de
546 257 658 329 quibus.
681 259 783 331 quippe
800 276 834 315 ex
853 277 940 317 umore
955 270 1022 332 pm·
1067 253 1070 307 Ι

113 336 265 399 mentibus,
288 336 441 392 meminisse
459 341 579 410 oportet,
599 338 672 411 qnod
691 338 725 393 do
744 338 826 394 hoeoe
845 343 911 397 tuno
923 339 1035 417 uixinug

149 496 200 550 His
218 495 349 550 addemus
367 495 535 558 iristitiam,
565 513 634 567 queo
652 512 686 551 ex
705 495 834 567 opinione
853 496 964 571 indeque
978 497 1025 553 nm

114 575 308 645 imaginatione
335 575 440 637 oritur;
472 575 595 647 procedit
622 576 694 630 enim
714 591 747 630 ex
766 576 920 646 privatione
936 575 1028 648 alienu

115 654 188 710 boni.

148 735 240 790 Antea
267 734 388 790 diximus
416 735 507 791 omnis
537 752 605 808 quoe
633 734 740 806 egimus
767 736 879 791 tendere
906 730 1030 793 musnet

113 832 283 888 progressum
309 819 390 887 atque
409 815 636 870 emendationem.
673 815 761 886 Atqui
780 820 884 872 eertum
902 821 958 880 est,
980 830 1041 873 not*

112 895 241 969 quamdiu
260 895 353 950 tristes
372 912 480 958 sumus,
500 896 663 968 impotentes
682 912 732 950 nos
751 896 863 951 reddere
881 897 917 953 ed
936 896 981 954 boo
994 890 1031 953 est

112 976 253 1038 ciendum:
268 991 350 1047 quare
363 991 431 1046 opus
444 983 486 1030 est
498 992 547 1030 nos
560 992 576 1029 e
588 974 702 1030 tristitie
712 974 847 1037 liberere„
858 975 941 1036 Quod
951 974 1031 1033 uffiom

112 1071 255 1128 possumus
267 1054 413 1125 cogitando
427 1054 460 1109 de
475 1055 583 1116 mediis.
603 1054 748 1118 omissum,
768 1054 834 1111 siin
847 1061 1031 1127 potestatem

96 1152 99 1159 ’
113 1145 155 1191 tre
167 1144 224 1198 ost.
239 1134 432 1206 temperandi:
448 1135 490 1190 sin
505 1136 609 1196 minus,
623 1133 805 1189 necessarium
818 1139 911 1192 tumen
924 1153 977 1192 esse
986 1133 1032 1192 eie

112 1217 203 1271 titium
223 1215 330 1270 missam
349 1215 452 1277 iecere,
473 1232 507 1269 ne
520 1214 672 1270 incidamus
685 1215 714 1269 in
727 1231 820 1270 omnes
832 1215 902 1272 istus
915 1216 1031 1273 miserim

113 1300 212 1368 quast
200 1296 263 1350 ttris
264 1295 315 1350 itio
331 1293 483 1350 necessario
495 1311 586 1350 seeum
600 1293 692 1356 duuit;
713 1298 860 1367 utrumqne
872 1312 937 1351 vero
950 1290 1032 1351 tutti

113 1374 290 1431 efficiendum.
329 1373 426 1444 Inepte
455 1375 527 1429 enim
554 1379 596 1428 est
625 1372 724 1428 bunum
752 1373 823 1429 mulo
851 1375 1031 1433 voluntariott

112 1456 223 1526 vigente
241 1471 283 1509 res
285 1455 384 1510 tituore
403 1453 520 1509 vellet
492 1458 574 1526 etque
592 1453 744 1511 emendare.

148 1534 272 1606 Quisque
285 1533 401 1606 denique
413 1533 556 1589 intellectu
569 1549 618 1587 suo
630 1537 688 1588 reet
689 1551 703 1587 e
714 1536 793 1589 utens
803 1534 894 1590 Deum
904 1528 1032 1590 neoessow

112 1614 228 1687 primum
247 1631 409 1685 cognoscere
421 1612 519 1678 debet,
490 1612 638 1685 tquippe
651 1612 716 1684 qui,
737 1613 778 1668 uti
792 1613 1030 1673 demonstravimus,

114 1712 249 1750 summum
276 1711 407 1766 omneque
435 1693 472 1748 sit
490 1692 604 1755 bonum:
636 1693 707 1748 unde
727 1693 850 1766 sequitur
867 1704 1033 1766 quemcunque

114 1773 256 1829 intellectu
275 1791 325 1829 suo
344 1773 487 1847 utentem
479 1790 509 1828 111
522 1773 571 1828 tris
573 1774 663 1830 titiam
676 1773 795 1830 inuidere
805 1792 861 1830 non
873 1792 959 1846 posse.
975 1766 1033 1863 Q!

113 1852 241 1908 enimi'
233 1871 262 1908 ιιι
287 1871 318 1908 eo
337 1840 453 1925 quiescit
472 1855 557 1916 bono,
586 1854 659 1926 quod
677 1871 756 1909 omne
777 1855 877 1911 bunum
895 1859 951 1920 est.
977 1845 1034 1911 utin

113 1950 167 2005 quo
185 1934 273 1988 omnis
292 1933 347 1989 leet
335 1933 398 1990 titio
415 1936 443 1988 et
461 1933 605 1989 suavitatis
624 1932 777 2004 plenitudo:
