2354 3412
628 104 667 160 28

172 263 252 319 nulla
281 263 436 318 substantia
456 270 548 335 (quam
567 261 746 319 nihilominus
765 261 866 317 scimus
884 263 913 317 iu
932 266 1031 317 natura
1050 265 1121 333 esse)

174 343 286 398 seorsim
316 348 464 415 concepta,
494 343 587 416 aliqua
612 343 649 398 sit
666 341 814 397 necessitas
833 346 865 396 ut
882 341 1033 397 formaliter
1052 343 1122 398 exis·

175 429 233 485 tat,
265 427 407 494 propterea
435 424 507 495 quod
537 422 614 477 nulla
633 421 780 478 existentia
797 421 832 475 ad
851 421 911 491 ejus
929 421 1124 493 particularem

173 503 322 558 essentiam
341 504 494 574 pertineat;
515 503 578 560 hino
598 501 751 559 necessario
769 501 846 572 sequi
865 501 961 565 debet,
982 502 1056 574 qnod
1075 519 1123 556 ne·

173 587 236 638 tura
255 601 324 655 quae
343 582 428 638 nullis
447 582 480 636 de
499 584 589 638 causis
608 585 658 650 fit,
678 589 706 639 et
725 602 805 656 quam
823 587 916 638 tamen
928 602 988 640 esse
1002 585 1122 650 scimus,

172 683 222 720 ens
241 666 390 736 perfectum
411 663 492 718 debet
510 682 568 719 esse
587 664 622 719 ad
641 664 714 736 quod
733 664 880 720 existentia
898 665 1027 736 pertinet.

211 898 253 953 Ex
273 898 412 960 omnibus.
443 917 512 971 quae
531 899 584 956 huo
604 918 690 973 usque
708 901 843 966 diximus,
868 905 944 972 patet
962 918 1012 955 nos
1031 903 1126 955 exten·

175 979 280 1034 sionem
299 978 397 1034 habere
416 980 469 1035 Dei
488 981 668 1045 attributum
699 981 771 1055 qnod
790 998 854 1036 vero
873 981 903 1036 in
921 985 984 1036 ente
1005 981 1126 1051 perfeeto

176 1057 255 1113 nullo
276 1058 354 1112 modo
373 1060 431 1115 fieri
444 1078 523 1131 posse
535 1061 654 1116 ridetur.
680 1062 748 1117 Cum
760 1063 832 1119 enirn
843 1061 966 1117 extensio
976 1060 1126 1116 divisibilis

175 1139 228 1203 sit,
258 1156 306 1194 ens
334 1137 404 1194 illud
427 1143 576 1212 perfeetum
596 1142 771 1214 expertibus
790 1143 967 1205 consisteret,
997 1140 1071 1213 quod
1090 1141 1126 1196 ad

174 1219 263 1273 Deum
283 1219 383 1290 quippe
402 1238 450 1275 ens
466 1220 581 1292 simplex
594 1222 687 1276 referri
702 1222 805 1294 nequit.
824 1224 968 1278 Praeterea
981 1223 1126 1286 extensio,

173 1299 284 1371 quando
303 1299 452 1364 dividitur,
475 1301 582 1372 patiens
594 1305 651 1366 est,
672 1302 744 1373 quod
758 1302 840 1356 etiarn
854 1304 883 1357 in
896 1302 1003 1367 Deum,
1022 1301 1126 1374 quippe

176 1396 231 1435 non
259 1381 414 1450 passivum,
444 1397 494 1436 neo
516 1381 563 1452 qui
586 1380 620 1435 ab
639 1380 693 1436 atio
712 1381 770 1452 pati
789 1382 889 1452 possit,
919 1399 980 1438 eum
1000 1380 1125 1436 omnium

176 1460 263 1530 prima
281 1476 364 1515 ouusa
383 1458 501 1514 efficiens
520 1460 572 1524 sit,
593 1460 689 1515 cadere
708 1461 812 1532 nequit.

211 1777 256 1831 Ad
276 1777 348 1849 quod
366 1776 576 1849 respondemus:
601 1779 629 1833 1.
650 1780 754 1849 partem
773 1783 801 1832 et
819 1781 907 1832 totum
927 1794 981 1831 non
1000 1792 1060 1831 esse
1079 1793 1127 1830 en·

175 1857 216 1911 tia
243 1873 307 1911 vera
335 1855 377 1910 vel
408 1857 544 1923 actualia,
574 1857 621 1912 sed
649 1862 757 1912 tanturn
775 1857 850 1912 entia
869 1856 1000 1918 rationis;
1031 1872 1126 1927 quam·

174 1935 267 1990 obrem
286 1936 316 1990 in
335 1943 433 1991 natura
447 1938 467 2006 ¹)
487 1954 537 1993 nec
556 1941 645 1992 totum
664 1956 713 1994 neo
732 1944 823 2011 partes
844 1943 917 1992 sunt.

172 2129 287 2189 sequitnr3
303 2129 364 2175 nulla
381 2127 451 2188 igitur
460 2128 587 2176 substantia
596 2130 694 2177 existens
703 2145 742 2190 per
750 2146 774 2176 se
782 2129 870 2191 concipi
878 2134 952 2191 potest
959 2164 966 2186 ,
984 2128 1022 2174 sed
1030 2127 1059 2175 ad
1067 2125 1129 2174 eliud

173 2199 227 2258 quid
249 2200 361 2260 pertinere
385 2199 466 2257 debet;
489 2198 505 2246 i.
529 2215 548 2247 e.
573 2199 687 2248 intellectu
705 2206 783 2247 nostro
800 2200 949 2260 concipientes
965 2198 1128 2258 cogitationem

172 2277 197 2318 et
212 2271 363 2318 extensionem
380 2271 465 2327 subet,
482 2286 530 2317 sam
548 2287 594 2318 nou
610 2271 746 2332 concipimus
763 2272 806 2318 nisi
823 2270 847 2317 in
863 2270 960 2318 meantia
975 2273 1025 2331 eius
1041 2283 1089 2317 uon
1105 2267 1128 2314 is

173 2343 305 2401 existentis;
321 2343 338 2391 i.
353 2358 372 2390 e.
390 2342 449 2402 quod
465 2342 584 2390 existentia
599 2346 648 2402 ejus
663 2343 788 2390 necessaria
804 2343 832 2390 ad
848 2347 896 2404 ejus
911 2348 1013 2390 naturam
1022 2339 1128 2402 pertinet.

176 2415 219 2460 Sed
235 2415 287 2474 quia
303 2414 480 2460 demonstremus
496 2429 544 2460 eam
562 2414 695 2462 attributum
711 2415 755 2462 Dei
771 2430 834 2472 esse,
852 2414 904 2461 inde
919 2414 1099 2460 demonstramus
1115 2425 1129 2456 a

174 2485 245 2546 priori
260 2501 308 2531 earn
324 2501 373 2532 esse
381 2503 388 2542 ς
403 2490 426 2532 et
442 2500 456 2531 a
471 2484 604 2546 posteriori,
620 2486 679 2544 quod
695 2487 722 2534 ad
739 2486 889 2533 extensionem
899 2486 985 2542 solam,
1002 2499 1031 2532 ex
1040 2480 1127 2538 modis,

173 2557 257 2617 quippe
272 2556 311 2619 qui
326 2555 450 2603 necessario
466 2557 509 2602 hoo
524 2560 636 2615 tamquam
652 2559 775 2617 subjectum
793 2556 872 2604 habere
888 2556 990 2604 debeant.

207 2770 231 2826 1)
255 2768 283 2815 Iu
299 2767 387 2815 Natura
404 2769 419 2815 i.
434 2783 454 2815 e.
473 2767 497 2814 in
513 2769 644 2815 extensione
659 2767 812 2826 substantiali,
830 2782 881 2814 nam
897 2765 1030 2824 illedivisa,
1047 2768 1126 2812 natura

173 2842 266 2900 ejusque
281 2839 378 2887 essentia
394 2839 485 2886 omuino
501 2839 635 2898 destruitur,
651 2839 733 2900 quippe
744 2839 879 2898 quaesolum
889 2837 992 2885 consistit
1002 2831 1127 2895 incoquet

175 2911 205 2957 sit
221 2911 322 2959 extensio
337 2910 426 2957 infinita
441 2909 491 2967 rel,
507 2910 566 2968 quod
582 2910 639 2957 idem
655 2916 704 2969 est,
720 2915 793 2957 totum
809 2909 929 2956 infinitum.
