2354 3412
553 134 610 192 188

109 291 263 347 diminutus
282 292 325 346 vel
344 291 409 364 quie
428 292 509 348 nimis
521 295 714 364 augmentatus
727 297 777 347 est.
797 293 947 348 Diminutio
960 291 1051 347 haecce

109 389 163 427 non
190 376 299 427 tantum
326 375 357 428 fit
386 373 468 428 nimis
496 391 576 444 parco
603 371 664 428 cibo
680 377 786 437 sumto,
807 373 855 427 sed
874 374 975 438 etium,
993 373 1052 441 post

109 452 259 524 longiorem
285 470 409 518 cursum,
439 453 541 523 majore
559 471 640 526 quam
659 471 827 509 communem
848 471 930 526 quem
949 450 1051 524 corpori

108 531 243 587 dederont
262 544 337 588 motu
355 533 383 588 in
402 550 456 605 qno
475 534 571 588 fortem
589 533 726 588 habebant
738 534 881 588 introitum
895 533 1052 589 transitum·

109 631 174 684 que,
195 613 295 684 quibus
307 612 445 668 debilitati
459 619 532 668 sunt.
558 614 812 684 Aupmeutatiovero
824 615 871 678 fit,
891 611 1052 686 quandoui·

110 692 161 746 mis
188 693 246 748 viui
269 692 312 746 vel
331 692 403 748 alius
421 693 542 750 fortioris
561 697 642 766 potus
661 693 785 748 bibentes
805 693 904 749 hilares
924 693 967 748 vel
987 690 1053 748 ebrii

109 772 225 837 redditi,
246 772 378 828 efficimus
407 777 437 828 ut
466 791 540 828 mens
568 775 718 846 potentiam
747 791 801 828 non
829 773 930 828 habeat
957 786 1053 844 corpus

109 851 254 922 dirigendi.

144 1091 206 1147 Hoc
231 1089 271 1145 ite
297 1089 331 1144 de
356 1094 421 1145 actu
449 1091 549 1146 mentis
568 1091 596 1145 in
615 1107 714 1163 corpus
733 1091 836 1146 dictum
856 1091 901 1145 sit.
940 1090 1004 1145 Jam
1021 1089 1054 1144 ds

111 1171 233 1242 corporis
250 1174 315 1226 actu
334 1169 362 1224 in
382 1173 499 1224 mentem
518 1169 667 1227 videamus.
686 1171 867 1242 Praecipuum
880 1169 960 1225 ilium
976 1167 1053 1224 habe·

110 1267 184 1314 mus,
214 1267 269 1322 qno
297 1253 414 1304 mentem
440 1267 525 1322 eaque
544 1250 599 1306 alia
617 1269 730 1324 corpora
749 1253 792 1307 sui
811 1252 921 1307 conscia
941 1251 1052 1314 redden

64 1372 67 1378 .
107 1332 179 1403 qnod
199 1329 264 1384 solis
283 1333 391 1384 tentum
411 1335 486 1384 motu
505 1335 533 1385 et
552 1332 645 1402 quiete
657 1332 825 1402 conjunctim
840 1335 987 1395 causatur;
1009 1348 1053 1386 nc·

109 1427 163 1484 qne
182 1410 253 1464 enim
272 1409 302 1465 in
320 1424 433 1481 corpore
451 1409 506 1464 alia
526 1418 606 1476 sunt,
626 1413 726 1484 quibus
745 1429 824 1483 agere
844 1417 950 1482 posset;
973 1410 1014 1465 ita
1025 1418 1056 1464 ut

109 1489 201 1544 omnia
228 1505 298 1560 quae
326 1492 433 1559 praeter
454 1490 641 1560 perceptiones
660 1491 728 1546 istas
747 1492 831 1544 menti
851 1492 934 1555 flant,
963 1504 1054 1546 acor·

109 1585 173 1638 pore
207 1568 313 1624 causari
348 1574 494 1640 nequeant.
544 1569 581 1624 Et
613 1571 678 1642 quie
715 1571 832 1642 primum
869 1570 943 1641 quod
982 1586 1054 1624 meus

108 1649 250 1718 cognoscit
285 1665 383 1718 corpus
415 1651 471 1712 est,
509 1648 573 1704 iude
610 1649 751 1721 procedit,
777 1652 850 1721 quod
880 1667 955 1704 mens
984 1648 1054 1704 iliud

110 1733 183 1782 amet
211 1726 377 1798 uniaturque
404 1744 465 1783 cum
493 1745 535 1783 eo.
574 1729 642 1783 Cum
669 1734 760 1784 autem
775 1729 833 1800 jem
853 1734 934 1784 antea
953 1729 1053 1785 dixeri·

112 1824 170 1861 mus
198 1807 312 1869 amoris,
343 1806 420 1872 odii,
448 1807 632 1879 tristitiaeque
660 1826 769 1864 causam
798 1825 853 1862 non
872 1808 1055 1880 quaerendam

110 1903 169 1941 esse
188 1886 217 1940 in
237 1903 348 1957 corpore
368 1886 414 1940 sed
433 1890 540 1941 tantum
560 1889 589 1942 in
608 1894 711 1951 mente:
735 1906 828 1942 omnes
847 1888 920 1942 euim
933 1889 1054 1958 corporis

111 1967 234 2022 actiones
253 1984 287 2020 ex
307 1971 384 2020 motu
403 1971 431 2020 et
449 1966 540 2037 quiete
559 1967 704 2038 procedere
723 1966 839 2028 debeut;
861 1971 888 2020 et
908 1967 1056 2022 cumulare

110 2045 293 2117 distincteque
302 2045 453 2109 videamus,
468 2046 581 2101 alterius
592 2064 707 2101 umorem
719 2047 747 2102 in
759 2046 835 2100 nobis
847 2065 901 2100 non
912 2047 992 2111 oriri,
1003 2044 1055 2102 nisi

110 2128 172 2182 idea
191 2126 259 2181 illud
279 2127 379 2180 bonum
394 2125 490 2180 melius
503 2144 574 2189 esse:
596 2126 667 2181 clare
681 2124 744 2180 inde
757 2128 951 2196 consequitur,
972 2140 1056 2197 quum

110 2206 198 2261 Deum
218 2223 426 2278 cognoscemus,
447 2207 603 2277 cognitione
619 2206 714 2260 saltem
728 2223 812 2276 aeque
825 2205 899 2259 clara
913 2221 944 2259 ac
958 2202 992 2260 ea
1004 2221 1057 2277 qna

110 2302 208 2358 corpus
227 2291 350 2340 nostrum
370 2287 573 2356 cognoscimus,
593 2305 642 2341 nos
661 2287 763 2341 arctius
777 2302 839 2340 cum
854 2302 885 2338 eo
899 2299 982 2355 quam
996 2302 1057 2341 on·

110 2381 222 2436 corpore
251 2370 344 2420 nostro
373 2365 465 2419 unitos
487 2383 544 2420 esse
564 2367 661 2421 debere
680 2383 845 2437 corporeque
864 2368 1007 2435 tamquam
1026 2363 1058 2419 li·

112 2443 228 2502 berctus.
264 2444 378 2501 Arctius
405 2444 482 2509 dico,
516 2450 597 2501 antea
624 2446 696 2501 euim
722 2445 777 2516 jam
806 2444 1058 2499 demonstravimus
