2354 3412
690 123 747 180 118

281 287 366 344 Amor
384 284 469 356 igitur
486 283 625 354 oriturssex
643 283 816 355 perceptione
834 286 862 339 et
875 284 1032 357 cognitione
1043 301 1081 358 qu

245 367 324 438 cnjus
341 366 380 420 rei
398 363 545 427 habemns3
564 380 620 435 quo
638 368 729 418 autem
748 363 876 434 majorem
888 368 917 418 et
930 364 1081 436 magnificet

245 465 287 502 res
312 464 340 501 se
358 444 502 516 praebeat,
530 460 562 498 eo
581 442 667 514 major
684 447 712 498 et
730 443 946 515 magnificentior
964 443 1047 499 etiam
1065 461 1079 499 a

245 527 332 584 nobis.

279 763 390 836 Duplici
421 759 501 816 modo
530 776 619 814 amore
650 776 699 814 nos
728 759 842 815 liberare
860 777 1018 831 possumus:
1050 776 1081 815 ve

243 850 269 902 1.
291 842 409 900 melioris
428 841 466 895 rei
484 839 656 910 cognitione:
677 839 720 895 vel
739 843 763 898 2.
779 841 961 912 experientia,
982 859 1038 897 rem
1051 859 1081 897 an

243 944 291 999 pro
319 939 417 994 magna
444 920 640 992 magnificaque
667 937 683 975 a
711 920 790 976 nobis
812 920 947 984 habitam,
978 921 1081 978 multnn

243 1008 318 1070 riae,
337 1001 445 1065 damni,
466 1006 494 1054 et
511 998 613 1054 doloris
632 1015 723 1055 secum
741 1001 847 1057 ducere.

278 1167 364 1222 Amor
391 1162 530 1232 praeterea
558 1159 597 1214 ita
624 1176 652 1213 se
671 1159 768 1223 babet,
798 1159 871 1232 quod
897 1177 1037 1233 nunquam
1055 1178 1081 1218 ct

239 1246 288 1303 illa
315 1242 369 1312 (uti
396 1239 575 1294 admiratione
593 1238 709 1310 aliisque
726 1238 911 1309 passionibus)
930 1239 1056 1303 liberari,

239 1323 350 1398 quidem
381 1319 518 1390 duplicem
545 1317 580 1374 ob
608 1335 734 1374 causam:
763 1320 790 1376 1.
817 1319 882 1391 quia
909 1318 1075 1390 impossibile

238 1404 303 1477 quia
329 1398 511 1456 necessarium
535 1401 578 1453 est
595 1414 645 1453 nos
663 1415 695 1452 aa
714 1414 768 1454 non
786 1397 904 1457 liberari.
941 1400 1081 1469 Impossibil

238 1487 296 1549 est,
316 1480 381 1554 quia
398 1478 475 1534 nullo
494 1477 573 1532 modo
591 1496 608 1533 a
626 1478 720 1539 nobis,
741 1477 788 1532 sed
801 1496 817 1532 a
830 1479 888 1534 solo
902 1479 973 1534 bono
986 1477 1081 1551 utiliqu

239 1564 301 1628 det,
339 1557 410 1633 quod
439 1557 468 1612 in
495 1556 603 1628 objecto
631 1556 879 1616 animadvertimus.
922 1560 983 1615 Hoc
1011 1559 1081 1614 enim

238 1659 328 1701 amare
352 1637 484 1693 vellemus
502 1654 721 1711 amaremusque,
752 1639 904 1695 necessario
923 1639 1003 1695 nobis
1021 1644 1081 1694 ente

237 1724 326 1779 nitunt
345 1733 476 1774 essenon
495 1716 645 1782 debuisset;
668 1718 741 1789 qnod
760 1717 837 1772 nullo
856 1718 936 1772 modo
955 1737 971 1773 a
989 1718 1081 1774 nobis*

236 1819 286 1858 nec
313 1801 342 1854 in
366 1796 492 1852 libertate
510 1801 603 1851 nostra
621 1797 763 1858 consistit:
793 1797 847 1853 nisi
865 1797 938 1853 enim
957 1816 1081 1870 cognosc«

237 1898 324 1954 neque
351 1879 379 1932 et
397 1877 583 1931 existeremus.
622 1877 659 1933 ut
675 1879 842 1932 moecenatem
860 1883 902 1932 est
920 1895 970 1934 nos
989 1896 1021 1932 eo
1039 1897 1081 1934 nor

237 1963 310 2026 rari,
330 1958 410 2031 quia.
431 1974 478 2027 per
497 1955 665 2013 debilitatem
684 1964 792 2014 nostrae
814 1963 945 2023 naturae,
965 1960 1023 2014 sinc
1044 1959 1080 2014 ull

237 2040 383 2101 fruitione,
406 2053 522 2108 quacum
541 2036 613 2092 uniti
632 2042 732 2110 etqua
750 2038 916 2095 corroborati
935 2041 1038 2104 simus,
1062 2057 1081 2095 e:

234 2141 290 2181 non
308 2134 456 2192 possemus.

271 2380 413 2438 Quaenam
431 2372 517 2444 igitur
534 2371 619 2427 trium
637 2371 732 2427 horum
751 2371 919 2443 objectorum
937 2372 1081 2445 eligendai

232 2455 353 2530 jicienda
370 2451 449 2508 nobis
467 2451 551 2507 suntl’

269 2533 351 2596 Quod
379 2532 414 2588 ad
441 2550 484 2588 res
502 2530 707 2603 corruptibiles,
735 2532 800 2605 quia
818 2534 912 2604 (prout
930 2533 1082 2605 dictum)p

234 2621 347 2675 naturae
365 2617 474 2668 nostrae
492 2612 662 2667 debilitatem
680 2613 832 2668 necessario
851 2611 955 2685 aliquid
969 2612 1081 2668 amandu

235 2698 276 2753 bis
294 2700 336 2749 est
354 2710 469 2764 cumque
487 2709 519 2747 eo
538 2691 703 2757 uniendum,
724 2695 755 2746 ut
768 2692 932 2756 existamus,
953 2697 1081 2748 certume

233 2773 348 2833 amando
367 2790 399 2827 ea
417 2772 589 2844 uniendoque
607 2788 669 2827 cum
682 2772 717 2826 iis
729 2788 798 2843 qnae
810 2771 1013 2843 corruptibilia,
1033 2773 1081 2828 ini

234 2859 328 2912 nostra
356 2851 432 2907 nullo
462 2852 541 2907 modo
569 2851 751 2916 corroborari,
787 2852 852 2924 quia
878 2852 938 2924 ipsa
965 2851 1065 2908 debilia

235 2933 404 3005 claudusque
430 2931 558 2987 claudum
585 2935 693 3002 portare
711 2931 816 3003 nequit.
855 2931 914 2988 Nec
932 2948 997 2987 vero
1016 2931 1066 2987 hoo
