2354 3412
111 281 164 318 nus
191 264 311 334 perlecta
337 265 389 328 sit,
417 282 450 319 eo
468 269 496 320 et
514 267 581 323 unio
599 266 729 341 ideaeque
748 270 862 327 effeetus
881 286 945 325 cnm
965 269 1012 326 itu
1026 284 1050 324 re

113 342 158 398 vel
185 360 246 400 cum
274 344 333 401 Deo
361 345 428 416 ipso.
464 345 534 402 Gum
562 348 634 402 enim
662 351 722 402 tota
751 352 851 403 natura
875 347 986 405 nonnisi
1003 364 1052 403 una

113 422 338 489 subeuntium,
356 424 436 495 cujus
454 425 573 481 essentia
592 425 699 482 infinita
717 431 774 488 est,
796 443 893 481 omnes
913 427 1000 498 igitur
1015 443 1052 482 res

115 519 133 558 a
155 506 253 558 natura
277 505 426 568 uniuntur,
457 505 540 577 inque
559 523 642 561 unum
662 505 813 571 uniuntur,
841 525 941 578 nempe
960 507 1052 562 Deum.

113 578 151 636 Et
175 583 240 653 quia
267 599 365 654 corpus
391 585 507 655 primum
536 588 578 641 est
604 585 677 657 quod
705 602 780 640 mens
809 588 906 640 nostra
925 586 1051 658 percipit,

114 679 175 718 cum
195 665 250 732 (uti
269 664 373 720 dictum
391 669 446 736 est)
464 665 533 722 nihil
552 666 579 721 in
599 670 697 721 natura
710 682 768 719 esse
781 666 884 735 possit,
907 665 988 736 cujus
1000 665 1055 720 idea

115 743 144 797 in
169 760 197 797 re
221 745 360 814 cogitante
385 763 439 801 non
462 747 512 810 sit,
541 763 610 817 quae
629 745 690 800 idea
709 744 768 814 ejus
787 745 827 798 rei
846 743 911 799 idea
930 749 990 809 est,
1017 762 1054 800 res

117 822 165 878 illa
192 825 345 880 necessario
364 826 450 897 prima
468 843 552 882 causa
569 825 646 880 ideae
665 841 723 878 esse
741 822 823 879 debet
834 830 861 889 ι).
901 824 980 885 Quia
996 842 1055 880 vero

115 903 193 958 nulla
218 904 281 959 idea
299 906 328 960 in
346 906 503 976 cognitione
522 905 642 976 corporis
660 905 800 975 quiescere
819 908 928 974 potest,
958 905 1012 960 nisi
1030 906 1055 961 ir

115 982 176 1053 ejus
203 984 388 1056 cognitionem
417 989 555 1048 transeat,
585 985 644 1039 sine
669 1000 723 1055 quo
744 1001 794 1039 nec
813 1000 914 1054 corpus
933 1001 985 1040 neo
1001 984 1057 1039 idea

115 1063 174 1133 ejus
192 1065 309 1119 existere
327 1063 372 1118 vel
389 1064 495 1136 concipi
509 1065 630 1134 possint,
650 1081 711 1119 cum
725 1063 773 1118 illo
787 1064 887 1127 etism,
903 1064 1055 1135 cognitione

116 1145 204 1205 facta,
235 1143 325 1198 statim
346 1161 436 1198 amore
456 1143 558 1199 unitur.
594 1143 673 1217 Quae
692 1142 758 1196 unio
777 1141 875 1196 melius
894 1141 1056 1214 intelligitur

116 1223 322 1294 concipiturque
336 1241 467 1295 quaenam
484 1241 542 1278 esse
555 1223 669 1285 debeat,
689 1240 723 1276 ex
735 1222 842 1277 actione
854 1239 920 1278 cum
932 1238 1052 1294 corpore,

117 1303 145 1357 in
174 1321 228 1375 qua
255 1303 328 1356 enim
355 1303 495 1365 videmus,
521 1303 656 1373 quomodo
684 1302 840 1372 cognitione
872 1307 901 1356 et
919 1301 1056 1358 affectibus

116 1399 204 1437 rerum
223 1399 427 1453 corporearum,
448 1383 477 1438 in
496 1381 574 1436 nobis
593 1383 713 1436 existant
731 1399 824 1436 omnes
842 1380 908 1436 illae
921 1382 1052 1446 actiones,

117 1462 230 1532 quasin
253 1477 364 1532 corpore
385 1466 494 1525 nostro,
515 1461 660 1533 spirituum
681 1464 771 1522 motu.
792 1461 925 1517 continuo
945 1462 1055 1533 percipi·

117 1557 192 1599 mus;
221 1544 407 1610 quantumque
434 1540 496 1594 ideo
523 1540 773 1613 incomparabiliter
802 1541 918 1610 majores
941 1550 969 1596 et
988 1559 1054 1614 mag·

118 1619 300 1674 nilioentiores
328 1637 386 1673 esse
415 1619 532 1674 debeant
556 1621 620 1676 illae
639 1622 760 1677 actiones
780 1638 813 1675 ex
833 1621 934 1676 unione
953 1622 1003 1677 illa
1019 1639 1056 1677 or·

117 1702 175 1760 tae,
195 1699 304 1769 quaudo
322 1699 442 1769 cognitio
461 1703 488 1754 et
506 1715 581 1753 amor
600 1705 693 1756 nostra
710 1701 739 1754 in
758 1700 828 1755 illud
847 1701 982 1767 tendent,
1004 1701 1057 1758 siue

118 1795 173 1850 quo
201 1794 251 1833 nee
275 1778 392 1833 existere
421 1796 471 1835 neo
488 1779 595 1850 concipi
615 1781 764 1850 possimus:
795 1779 860 1834 illae
879 1781 953 1836 enim
973 1798 1056 1838 neces

116 2387 226 2433 infinitum
243 2386 344 2447 quodque
360 2387 404 2434 Dei
423 2387 491 2434 filium
508 2389 653 2446 vocabamus,
674 2387 702 2433 ab
718 2386 779 2433 omni
794 2388 929 2435 aeternitate
946 2389 970 2436 in
987 2396 1061 2437 natura

116 2474 164 2503 esse
180 2458 268 2515 debere3
286 2473 335 2504 cnm
352 2459 410 2505 enim
429 2459 491 2505 Deus
506 2459 534 2505 ab
549 2466 640 2504 aeterno
657 2457 737 2517 luerit,
762 2459 810 2518 ejus
830 2458 880 2505 idea
897 2475 986 2519 quoqne
1001 2461 1025 2509 iu
1039 2475 1060 2507 ra

117 2528 229 2588 cogitante
244 2529 319 2576 i.e.in
336 2544 362 2575 eo
380 2530 429 2591 ipso
448 2531 476 2576 ab
491 2536 582 2577 aeterno
597 2544 646 2576 asse
661 2528 737 2585 debat;
753 2544 810 2588 quae
826 2529 875 2576 idea
892 2530 1002 2591 objectiva
1017 2546 1060 2580 earu

118 2599 167 2658 ipsc
184 2599 295 2645 convenit.

151 2748 174 2802 1)
206 2747 226 2792 1.
250 2763 269 2792 e.
293 2748 316 2792 in
341 2755 414 2795 mente
437 2753 526 2805 nostra,
550 2749 632 2810 quippe
654 2765 709 2812 qnae
725 2749 826 2808 corporis
841 2749 891 2797 idea
908 2751 938 2798 sit
954 2758 978 2798 et
993 2752 1056 2798 abeo

117 2817 203 2878 quidem
229 2818 322 2876 primum
340 2834 388 2864 esse
404 2834 466 2866 suum
482 2819 561 2878 ducat,
585 2835 656 2882 neque
672 2827 746 2867 temen
762 2819 807 2866 uisi
821 2822 870 2880 ejus
887 2822 1055 2882 repraesentatio

117 2889 163 2934 sive
179 2888 252 2949 imago
267 2894 315 2946 est,
331 2904 380 2936 cnm
396 2891 529 2950 generaliter
544 2897 591 2937 tum
607 2891 772 2951 particulariter
788 2892 812 2938 io
830 2907 854 2938 re
868 2893 993 2954 cogitante.
