2354 3412
567 57 606 114 70

112 215 218 288 quolam
239 216 373 272 Adamum
393 219 457 272 outo
477 216 599 289 lapsum,
626 217 761 273 Adomum
780 219 933 272 tontummo

112 315 176 352 voro
195 297 305 352 Petrum
326 315 375 354 noo
394 297 511 353 Paulum
531 304 664 364 creasset:
684 316 745 355 oum
765 317 780 352 e
798 298 933 354 contrario

113 394 177 432 voro
206 378 336 448 persentio
364 379 400 433 oit
419 377 545 434 omuibus
564 379 645 435 robus
663 397 679 433 a
698 377 817 434 minimis
836 378 933 433 iudeo

113 474 170 512 mas
189 458 333 512 essentiam
354 475 429 512 suom
449 457 529 522 doro,
558 459 616 524 vol,
644 463 675 515 ut
694 459 791 514 molius
811 458 933 515 dieamus

113 553 174 590 oum
194 537 312 607 perfecto
332 537 359 591 io
379 555 407 592 so
427 536 535 592 habore.

149 616 231 676 Quod
260 617 293 671 ad
322 616 437 671 altorum
465 620 579 678 attinet,
607 633 656 671 our
676 617 749 672 Dono
770 616 891 671 hominos
910 635 933 671 n«

114 697 266 767 oroavorit„
284 700 314 750 ut
333 713 444 767 peooore
465 712 518 751 oon
537 697 657 767 possint3
677 696 711 751 ad
727 696 776 752 hoo
790 696 933 767 respondet

115 792 183 847 quoe
212 775 245 829 do
276 781 388 846 pooooto
415 774 546 829 dicuutur
573 779 678 831 tontum
709 777 813 831 rationo
843 780 933 831 nostru

115 872 227 926 nempe,
256 854 365 928 quando
389 854 458 909 duas
477 872 519 909 ros
538 854 610 909 inter
628 874 656 910 so
674 855 718 910 vel
737 873 818 911 unam
838 857 913 909 vario

115 951 316 1006 oomporamuo.
348 934 387 988 uti
414 951 438 991 v.
466 949 489 990 o.
517 933 540 988 oi
563 933 624 1005 quio
643 933 812 1006 horologium
832 938 896 1005 opto
914 934 933 988 u

117 1014 269 1070 sonandum
287 1022 315 1068 et
335 1013 415 1069 horas
434 1013 612 1078 iudioondoo,
632 1018 659 1068 ot
678 1031 746 1086 opus
765 1013 812 1069 illo
830 1012 899 1068 beno
918 1030 933 1069 o

117 1109 178 1149 oum
207 1095 259 1148 tino
286 1093 424 1155 auotorio.
455 1093 555 1148 bonum
582 1093 698 1155 dicitur:
729 1097 758 1149 at
777 1096 798 1148 oi
819 1094 925 1158 minuo,

117 1178 244 1232 voootur.
275 1189 437 1246 quamquam
463 1176 491 1226 et
510 1172 549 1227 ita
568 1171 669 1227 bonum
688 1190 746 1227 osse
765 1177 871 1243 posset,
902 1189 933 1225 uu

117 1253 184 1308 torio
214 1254 274 1307 finio
303 1252 400 1307 fuiooot
427 1252 571 1307 confusum
599 1252 668 1306 illud
693 1252 803 1307 reddere
822 1256 850 1307 ot
869 1269 933 1308 oona

118 1335 234 1403 tempus.
273 1331 469 1387 concludimus
497 1332 582 1402 igitur
604 1331 715 1386 Petrum
736 1331 887 1388 nooeooorio
908 1348 933 1386 ou

118 1411 195 1476 ideo,
215 1418 244 1467 at
263 1429 318 1467 non
337 1429 397 1468 oum
419 1410 535 1466 hominio
554 1410 615 1466 ideo
628 1412 773 1467 convenire
786 1411 899 1476 debore,
923 1429 933 1465 ε

119 1491 272 1564 malumque
292 1492 333 1547 vot
355 1495 466 1564 peooato
485 1489 553 1546 nihil
567 1491 641 1547 aliud
655 1509 713 1546 esso
727 1509 806 1562 quom
821 1491 933 1546 existent

119 1587 151 1626 oo
170 1571 246 1627 nullo
266 1572 344 1627 modo
364 1589 406 1628 roo
424 1572 569 1644 quondam,
591 1571 632 1625 vol
653 1571 756 1643 aliquid
774 1572 846 1643 qood
860 1588 933 1625 osoou

122 1649 175 1711 bot.
191 1651 231 1705 uti
246 1651 360 1707 tortuoso
373 1652 402 1706 io
415 1651 593 1724 sequentibus
605 1651 721 1724 amplius
734 1650 933 1706 demonstrabit

121 1748 169 1786 noo
188 1733 259 1787 enim
279 1750 322 1788 ros
341 1736 368 1787 et
386 1749 484 1805 opero,
504 1750 573 1804 quoe
593 1732 622 1787 in
641 1736 739 1786 notura
755 1736 835 1797 suut,
856 1731 933 1802 porto
