2354 3412
562 138 621 196 200

117 297 231 368 spiritus
249 301 356 354 nostros
368 315 416 369 per
428 298 540 370 aliquod
553 304 660 370 tempos
673 298 853 361 moverimus.
873 290 1058 353 lassitudinemi

119 376 288 447 experimur,
307 393 377 448 quae
395 377 465 434 nihil
483 378 559 435 alind
578 384 620 434 est
638 396 719 451 quam
740 378 818 451 quies
837 377 867 433 in
886 376 1062 450 spinatae

119 455 199 511 nobis
217 455 321 511 effecta.

152 535 360 606 Respondemus
377 554 456 602 vero,
478 540 595 592 mentem
614 538 695 609 hujus
711 537 813 610 quietis
825 555 939 593 oausam
951 535 1062 608 quiden·

117 633 190 679 esse,
209 632 265 670 non
282 633 347 671 vero
364 616 538 682 immediate,
559 617 606 672 sed
625 635 685 672 eam
703 616 766 671 aliis
780 619 889 672 tantum
902 615 1062 688 corporibus·

116 694 192 750 illam
205 712 326 760 causare,
340 714 410 768 qnae
423 698 575 753 necessario
587 701 696 753 tantum
708 696 810 770 quietis
823 697 969 768 spiritibus
983 695 1063 752 moti?

120 775 336 840 communicent,
359 781 493 847 qnantum
511 781 601 832 motus
618 774 654 830 ab
671 774 707 830 iis
726 777 874 848 accipiant.
913 776 959 832 Ita
978 781 1009 832 at
1025 774 1064 832 ab!
1082 776 1086 781 '

117 855 191 910 omni
218 859 295 926 parte
322 855 394 912 olere
414 858 522 927 pateat,
552 856 582 912 iu
598 859 698 912 natura
718 873 805 912 unum
823 857 952 930 idemque
973 862 1066 913 nemu

120 953 178 990 esse
195 952 291 1007 genus.
1062 958 1066 973 ·

318 1313 442 1411 OrtPU'l'
459 1312 679 1371 VIOESIMUM
696 1313 863 1372 PRIMUM.

494 1487 531 1528 DE
550 1485 684 1528 RATIONE.

151 1629 215 1684 Jann
242 1629 328 1700 igitur
350 1629 499 1685 videndum
517 1630 585 1695 erit,
615 1630 688 1685 unde
707 1630 856 1699 procedat,
884 1631 960 1702 quod
980 1632 1059 1689 inter·

118 1709 183 1764 dum
193 1747 203 1773 ‚
221 1726 383 1781 quamquam
402 1727 456 1764 rem
478 1709 576 1766 bonam
595 1709 728 1764 malamve
747 1727 805 1764 asse
824 1710 988 1777 videamus,
1008 1730 1059 1768 non

118 1793 211 1844 tamen
229 1788 380 1860 potentiam
397 1789 426 1844 in
445 1789 524 1844 nobis
542 1790 730 1855 inveniamus,
751 1790 809 1845 sive
828 1788 929 1845 bonum
944 1791 1061 1849 faciendi

118 1870 176 1924 sive
202 1869 347 1924 omittendi
375 1869 491 1933 malum,
525 1869 662 1924 interdum
686 1886 751 1923 vero
783 1870 957 1926 inveniamus
977 1872 1057 1927 illam.

114 1949 198 2010 Quod
207 1948 287 2003 facile
296 1948 449 2019 intelligere
459 1966 613 2019 possumus,
626 1949 877 2004 animadvertentes
887 1967 987 2007 causas
998 1968 1061 2024 qnae

114 2028 148 2082 de
167 2029 294 2100 opinione
312 2028 452 2091 dedimus,
472 2028 595 2083 dicentes
613 2028 690 2083 illam
703 2029 826 2083 omnium
839 2029 990 2086 affectuum
1003 2049 1058 2086 nos·

114 2112 218 2163 trorum
231 2125 340 2164 oausam
354 2110 384 2176 ¹).
405 2107 571 2163 Dicebamus
589 2108 699 2179 quidem
719 2125 764 2163 eos
786 2125 844 2163 esse
864 2108 908 2163 vel
921 2128 956 2165 ex
969 2112 1060 2168 auditu

115 2186 160 2241 vel
178 2206 225 2258 per
248 2188 450 2259 experientium.
489 2189 565 2249 Quia
583 2187 653 2243 illud
672 2187 743 2260 qnod
764 2188 794 2243 in
813 2188 892 2244 nobis
910 2193 1061 2262 experimur

117 2267 246 2338 majorem
273 2269 423 2338 potentiam
451 2270 480 2323 in
499 2286 548 2323 nos
568 2268 667 2331 habet,
696 2286 779 2340 quam
798 2269 871 2341 quod
891 2274 1060 2330 extrinsecus

116 2345 195 2401 nobie
213 2347 329 2411 accidit;
349 2349 473 2419 sequitur
491 2348 624 2404 rationem
643 2366 754 2405 oausam
775 2350 887 2422 quidem
906 2369 966 2407 esse
985 2369 1058 2424 possa

147 2626 171 2682 l)
203 2625 265 2673 Idam
282 2627 325 2674 erit
340 2627 387 2675 sive
402 2627 510 2675 vocabolo
527 2629 640 2690 opinionis
654 2628 701 2677 sive
717 2630 829 2689 passionis
844 2636 951 2690 atamen
977 2638 1061 2692 unoque

116 2696 177 2743 anim
193 2697 276 2744 clarum
299 2704 348 2757 est,
371 2714 411 2746 our
427 2714 469 2746 uos
484 2715 523 2747 eas
539 2715 595 2760 quae
610 2699 751 2759 experientes
769 2699 793 2746 in
809 2701 874 2748 nohis
891 2708 959 2761 snut,
983 2703 1061 2751 neon

117 2767 206 2814 vincere
229 2784 377 2829 neqnaamue;
400 2770 457 2817 nihil
472 2770 532 2817 enim
547 2768 608 2817 alind
625 2770 649 2817 in
666 2770 731 2817 nobis
753 2775 806 2818 sunt
822 2771 866 2819 nisi
882 2771 962 2822 fruitio
978 2780 1001 2821 st
1011 2764 1060 2823 uuio¹
1094 2810 1096 2819 .

116 2835 236 2887 immediata
259 2854 309 2888 oum
325 2855 349 2888 re
372 2841 465 2904 quadam
488 2856 554 2901 quam
578 2842 658 2890 bonam
681 2841 824 2902 judicariam
846 2843 906 2891 ratio
930 2850 1005 2894 autem
1026 2840 1060 2891 etri
1094 2852 1096 2859 '
