2354 3412
556 122 614 180 1:32

415 280 540 338 oAPu'r
558 281 753 341 ocuAvum.

141 453 179 493 ns
197 451 420 492 murmurose
436 451 471 490 nr
489 449 677 502 concessero,
698 452 735 491 un
753 450 968 493 onunnosrnnnn
980 432 1022 486 η’

220 531 418 582 unumunurn,
438 530 535 575 unone
552 531 690 572 suenum
707 532 744 572 er
760 530 950 573 nncncmoun.

147 754 258 816 Quibus
275 753 306 811 iu
323 752 496 826 passionibus
514 759 545 809 ιιι
563 754 637 809 iuter
655 755 755 810 bouum
767 760 795 810 et
809 754 909 810 mulum
924 753 984 810 bene
992 750 1033 806 tis

112 835 287 907 tingusmus,
307 833 371 889 illes
389 837 479 888 stante
497 833 565 904 pede
584 835 780 905 suscipientes,
799 835 961 905 incipiemus
976 831 1005 888 sb

148 994 333 1050 Aestimatione
349 987 377 1047 et
400 991 544 1063 Contempto
562 993 676 1049 relative
695 995 730 1049 ed
748 993 854 1066 aliquid
872 995 901 1049 in
920 992 1033 1049 uobisrs

112 1078 191 1130 extro
208 1091 258 1129 nos
276 1073 431 1145 cognitum,
452 1074 541 1145 priore
559 1073 632 1145 quod
651 1074 686 1129 cd
699 1074 804 1146 majus,
822 1066 1033 1146 posteriorequoi

111 1155 146 1210 ed
165 1154 256 1208 minus
274 1152 420 1225 quoddam,

151 1234 317 1288 Generoeitus
335 1250 363 1288 se
382 1236 460 1287 extrs
476 1250 524 1287 nos
537 1249 591 1288 non
605 1238 652 1288 ext
640 1233 746 1292 t.endit
767 1233 910 1305 solumque
929 1233 962 1288 sd
973 1232 1033 1288 illuc

111 1313 248 1384 pertinet,
267 1312 330 1384 qui,
350 1311 455 1366 nullum
474 1310 555 1366 elisur
575 1313 730 1404 passionem
746 1312 863 1378 habeus,
885 1308 1033 1386 nequeunti

112 1391 284 1447 timetionem
311 1389 471 1463 postulans,
501 1391 587 1462 ipsius
615 1393 657 1447 sui
686 1393 879 1466 perfectionem
907 1390 1033 1477 secundus

113 1488 207 1525 verum
226 1471 346 1528 valorem
365 1470 514 1542 cognoscit.

148 1627 293 1684 Humilitue
311 1633 368 1694 est,
389 1627 435 1684 ubi
455 1629 579 1702 quidem,
602 1631 661 1685 sine
681 1630 737 1686 ullo
752 1633 794 1686 sui
807 1631 895 1704 iptius
908 1631 1033 1703 despector

113 1706 345 1778 imperfectionem
364 1725 440 1764 suem
460 1709 613 1781 cognoscin
635 1728 704 1782 quae
723 1711 865 1768 humilitas
877 1730 906 1768 se
919 1710 1033 1769 extento·

114 1787 212 1842 minem
245 1787 373 1843 humilem
402 1806 457 1844 non
485 1789 617 1846 extendit.
646 1790 773 1860 Superbia
797 1795 856 1856 est,
885 1793 956 1865 quod
974 1791 1033 1846 tous

116 1868 310 1938 perfectionem
328 1867 380 1923 sibi
399 1870 547 1932 attribuet,
566 1870 596 1923 in
615 1870 675 1941 ipso
693 1888 748 1925 non
766 1872 965 1928 inveniendum.

148 2027 266 2097 Atjecfs'o
283 2032 339 2090 est.
361 2027 407 2082 ubi
427 2028 536 2099 quidem
555 2027 787 2100 imperfectionem
800 2031 937 2103 quendem
949 2029 1033 2086 sitio

116 2106 234 2173 tribuet,
256 2124 324 2178 ques
343 2108 377 2161 ed
396 2124 457 2162 eum
477 2124 532 2162 non
550 2109 676 2179 pertinet.
694 2112 752 2167 Neo
770 2126 835 2167 vero
853 2112 888 2166 ds
907 2104 1033 2184 hppocriffl

113 2186 224 2258 loquor,
245 2185 291 2256 qui
310 2202 404 2240 revere
422 2203 477 2241 non
489 2187 528 2242 itu
541 2188 664 2258 opinati,
684 2194 846 2262 tentumque
858 2191 928 2247 ulios
941 2195 970 2246 ιιι
981 2184 1033 2244 ἀοιι

113 2266 204 2337 piant,
235 2264 313 2338 quasi
332 2282 360 2319 se
379 2264 539 2328 humilient3
567 2267 614 2322 sed
633 2269 667 2323 de
685 2270 736 2333 iis,
755 2271 802 2362 poi
821 2271 1033 2342 imperfectione}

113 2362 181 2417 quus
200 2344 253 2401 sibi
272 2345 443 2409 attribuunt,
465 2363 559 2401 revere
577 2349 606 2401 in
626 2365 654 2403 se
673 2349 789 2406 inveniri
809 2354 919 2421 putent
948 2344 1033 2408 Risit

114 2427 328 2492 animadversis,
347 2431 409 2498 pete
395 2427 507 2499 etquid
526 2426 590 2483 boni
609 2432 638 2482 et
656 2428 720 2484 meli
739 2447 862 2502 quosque
881 2430 975 2488 horum
991 2438 1033 2513 ιιι

113 2510 221 2565 sionum
240 2511 270 2565 in
288 2526 316 2564 se
335 2508 440 2566 hebent.
468 2509 550 2570 Quod
569 2509 641 2564 enim

114 2827 148 2882 ud
162 2827 376 2882 (tenerositatem
390 2827 637 2900 Humilitatemque
652 2828 767 2892 attinet,
781 2846 829 2899 per
841 2846 869 2884 se
882 2830 957 2901 ipsse
967 2843 1033 2902 prust

113 2907 228 2962 tantiam
248 2924 325 2961 sunnr
343 2907 483 2969 indicant:
506 2909 656 2964 ostendunt
674 2908 746 2964 enim
765 2926 858 2964 earum
877 2922 1033 2982 possessores

111 3004 188 3044 suem
216 2988 409 3059 perfectionem
428 2988 712 3061 imperfectionemqus
733 2989 881 3045 secuudum
901 3007 990 3069 verum
1007 3001 1033 3043 ιι
