2354 3412
577 150 615 208 38

120 309 201 366 video
223 308 405 364 substantiam
429 308 628 381 intelligentem
651 293 924 368 communicationem
948 331 964 367 n

122 394 184 447 bere
212 407 273 446 cum
303 390 458 444 substantia
486 394 598 444 extensa
623 409 758 463 unamque
777 393 889 448 alteram
914 396 964 448 terr

120 475 157 529 ut
176 472 199 527 si
218 474 325 543 praeter
344 472 441 526 haecce
455 470 509 525 duo
524 470 659 526 attributa
671 473 782 526 tertium
796 472 885 528 adhuc
898 490 964 544 poue

119 552 193 626 quod
221 552 249 606 in
278 550 404 605 omnibus
433 552 582 622 perfectum
610 553 668 615 est,
693 566 755 606 ecce
784 556 811 606 te
839 552 964 622 apertis<

119 629 286 687 dictionibus
304 628 444 700 implicas:
465 647 526 683 nam
547 630 699 685 sitentium
719 630 788 685 illud
808 635 885 685 extra
903 631 958 685 duo

119 714 252 784 ponatur,
281 726 374 764 omnes
403 709 466 764 illae
495 710 519 763 ei
539 709 654 764 deerunt
673 711 852 781 proprietates
870 729 964 782 quaer

117 792 216 846 haecce
235 789 389 859 pertinent:
415 790 488 862 quod
506 793 597 844 tamen
616 791 645 844 in
664 794 723 844 toto
741 790 874 862 quodam,
896 795 964 845 extra

118 870 196 925 nulla
222 887 265 923 res
293 869 405 932 existit.
436 869 525 924 locum
555 869 651 925 habere
670 870 773 942 nequit.
809 870 955 924 Praeterea

117 949 186 1005 illud
215 952 243 1002 et
261 949 432 1019 omnipotens
451 952 479 1002 et
497 950 662 1020 perfectum,
688 949 742 1003 tale
761 949 813 1003 erit
832 950 896 1021 quia
915 950 964 1020 ipsi

117 1030 175 1086 sins
194 1045 244 1082 nec
262 1027 337 1082 aliud
357 1027 416 1098 ejus
435 1033 530 1083 auctor
549 1029 618 1090 fuit:
651 1032 771 1083 attamen
787 1029 834 1083 ille
853 1030 963 1100 omnipo

117 1114 205 1175 esset,
222 1109 268 1180 qui
283 1125 311 1162 se
324 1113 516 1179 praetereaque
529 1108 614 1162 alium
626 1108 773 1177 producere
787 1113 885 1178 posset.
905 1108 941 1162 Et
955 1114 964 1162 t

118 1193 140 1247 si
153 1207 214 1243 enm
229 1189 436 1243 omniscientem
449 1204 543 1251 vocas,
565 1188 661 1258 seipse
674 1193 820 1258 cognoscat
834 1204 943 1242 necesse
956 1207 964 1242 e

117 1269 199 1327 simul
218 1268 365 1323 concedere
384 1266 467 1322 debes
486 1268 528 1322 aui
547 1267 730 1339 cognitionem
744 1267 830 1322 solam
844 1269 964 1322 minoren

116 1367 197 1423 quam
225 1347 407 1418 cognitionem
436 1347 478 1401 sui
507 1363 567 1401 cnm
596 1346 711 1401 aliarum
737 1346 952 1402 substantiarum

117 1433 191 1485 tione
210 1427 401 1496 conjunctam:
422 1443 491 1499 quae
510 1428 601 1481 omnia
620 1431 728 1497 apertae
744 1431 811 1482 sunt
823 1427 965 1483 contradic

115 1511 210 1570 Quare
238 1505 333 1562 Amori
357 1505 525 1561 consulerem
548 1524 576 1561 se
599 1523 631 1559 eo
650 1511 822 1571 contentane,
851 1507 923 1578 quod
946 1507 964 1579 i]

116 1587 200 1644 tendo
218 1603 268 1642 nec
286 1585 320 1640 ad
340 1584 394 1640 alia
413 1589 542 1657 spectare.

150 1988 236 2040 Amor.
267 1984 359 2047 Quid,
380 2001 397 2038 ο
416 1985 528 2038 infamet
550 1984 615 2040 mihi
634 1984 777 2038 ostendisti
797 1982 849 2038 nisi
870 2000 955 2055 equo

114 2065 248 2139 pernicies
264 2083 323 2119 mea
335 2065 517 2127 emanaverit:
538 2064 634 2136 quodsi
648 2064 720 2117 enim
734 2081 851 2135 unquam
866 2080 928 2118 curn
942 2081 964 2116 er

114 2147 181 2203 mihi
200 2145 359 2209 ostendisti,
389 2162 431 2199 me
456 2144 672 2216 conjunxissem‚
694 2144 786 2198 statim
807 2160 848 2196 me
867 2159 962 2214 perseq

114 2225 240 2282 vidissem
255 2226 323 2280 duos
336 2224 462 2279 inimicos
474 2223 581 2294 generis
594 2223 720 2286 humani,
737 2223 836 2278 Odium
848 2239 944 2294 nempe
955 2241 964 2276 ε

115 2306 258 2360 nitentiam
272 2321 404 2375 saepeque
416 2303 497 2359 etiam
511 2303 692 2359 Oblivionem.
716 2303 808 2362 Quare
822 2302 920 2357 iterum
934 2303 964 2356 ad

114 2402 193 2439 onem
213 2401 255 2437 me
272 2388 365 2446 verto,
386 2386 417 2438 ut
435 2383 578 2438 continuet
592 2388 619 2437 et
633 2383 712 2438 hosce
726 2383 851 2438 inimicos
864 2386 955 2438 tacere

148 2700 238 2758 narro.
273 2696 355 2758 Quod
374 2701 405 2751 tu
424 2696 510 2768 igitur
527 2696 612 2762 dicis,
633 2715 649 2752 o
667 2699 825 2770 Cupiditas.
846 2698 964 2754 diversas

115 2781 178 2836 dere
197 2777 382 2837 snbstantias,
403 2776 453 2831 hoc
472 2774 523 2831 tibi
542 2777 604 2832 dico
623 2778 721 2833 lalsnm
735 2797 808 2833 esse:
830 2796 890 2832 narn
905 2779 962 2833 clar

112 2861 167 2917 nisi
185 2875 265 2914 unam
285 2857 401 2912 existere
420 2856 511 2921 vides,
532 2874 601 2928 quae
620 2875 667 2930 per
686 2876 714 2913 se
730 2859 789 2930 ipsa
811 2858 905 2912 existit
923 2875 964 2912 om

111 2961 165 3016 que
176 2940 290 2996 aliorum
310 2937 505 2994 attributorum
525 2938 710 2993 conservatrix
729 2941 779 2994 est.
798 2936 826 2992 si
840 2953 905 2992 vero
917 2953 964 2993 eor
