2354 3412
556 93 613 152 104

111 267 208 322 quam,
237 250 285 322 qui
311 268 450 323 uunquam
469 269 533 308 uvea
552 254 738 311 vidissetniai
756 255 843 310 euntia
862 254 959 310 pandis
977 270 1058 311 erne.
1095 248 1098 276 ⁴

112 336 170 396 tua,
200 347 263 385 ovea
291 331 470 387 Maroneanae
489 333 633 390 miraretur
651 335 765 391 caudam
784 334 894 406 iungam
914 333 1062 391 habenae·
1094 308 1098 404 i

111 410 149 466 Et
175 410 215 466 aie
243 414 370 466 narratur
394 411 513 468 rustinus
540 414 667 485 quidam,
696 415 743 486 qui
769 413 822 470 eibi
840 416 958 471 finxerat
978 417 1063 472 extra.
1095 427 1098 495 g

111 507 220 561 eampoa
238 489 325 561 ipsius
344 490 436 546 nullus
454 491 523 547 alios
541 510 615 558 esse,
636 510 746 550 vaenum
759 493 918 548 desiderans
931 498 1060 550 eoautua.
1096 510 1098 561 ς

112 587 164 641 que
182 569 257 625 illam
276 570 371 640 procul
389 588 534 643 quaerere,
558 573 588 627 in
606 573 814 630 admirationem
833 573 966 628 eeeidisae
983 569 1048 644 quod

111 655 218 723 praeter
245 667 356 723 parcum
384 668 509 723 eampum
537 669 615 706 auum
644 652 708 708 talis
733 652 882 707 multitudo
900 666 1050 723 camporum
1095 690 1098 697 ·

112 731 227 788 adesset.
263 732 324 788 Hoc
350 737 440 788 autem
466 736 540 788 eerto
559 733 648 790 loeum
668 733 765 789 habere
784 734 865 789 debet
882 733 912 790 in
931 733 1063 789 omnibus·¹
1095 716 1098 753 ¹

112 811 174 866 istis
191 810 376 882 philosophie,
396 813 444 885 qui
463 813 515 868 eibi
533 814 643 884 fingunt
660 817 766 885 praeter
785 813 941 885 campulum
953 813 1055 868 hermae⁴
1094 780 1098 881 1,

113 893 170 947 sive
188 897 276 947 terrae
295 892 453 965 globulum,
481 911 561 967 quem
579 893 749 959 inhabitant,
782 892 873 948 nulius
891 892 960 948 alios
979 894 1066 948 muns
1096 900 1098 910 '

113 974 162 1029 dos
180 974 313 1039 existere,
333 973 414 1045 idque
435 974 522 1028 solum
541 973 606 1046 quia
625 990 680 1028 nun
698 973 766 1028 alios
786 971 964 1043 contemplati
979 975 1064 1026 sunt..

112 1053 261 1126 Nunquam
280 1055 371 1108 tamen
389 1052 534 1108 admiratio
552 1055 582 1109 in
601 1070 632 1107 eo
651 1055 704 1110 erit
715 1052 763 1125 qui
775 1069 853 1108 veras
865 1052 1047 1108 eoneIueiunea
1096 1084 1098 1089 -

114 1132 187 1190 fauit.
215 1132 252 1188 Et
271 1132 321 1188 hoe
339 1131 413 1204 quod
431 1132 466 1187 ad
485 1133 609 1204 primum.

148 1371 290 1443 Secundus
309 1373 351 1426 est
368 1371 447 1426 Amor
465 1370 512 1442 qui
531 1371 618 1426 oritur
637 1371 694 1426 sive
713 1387 745 1425 ex

219 1452 244 1508 1.
263 1450 378 1516 auditu,
401 1450 458 1506 sive
476 1467 510 1504 ex

220 1531 244 1586 2.
262 1530 407 1601 opinione.
428 1530 485 1584 sive
504 1547 537 1583 ex

220 1611 244 1666 3.
263 1611 334 1665 veris
352 1609 430 1664 ideis.

148 1689 231 1748 Quod
259 1690 293 1744 ad
322 1690 454 1761 primum,
481 1687 533 1743 hoe
560 1685 804 1742 animadvertimus
830 1685 1010 1743 cummuniter
1026 1685 1051 1740 in

113 1769 205 1840 pueris
232 1774 357 1841 respectu
386 1767 487 1839 patris,
516 1765 616 1839 quippe
635 1766 697 1838 qui,
728 1770 870 1838 propterea
888 1765 960 1836 qnod
983 1769 1054 1837 pater

111 1846 216 1919 aliquid
244 1848 343 1903 bonum
372 1848 488 1913 dixerit,
518 1847 577 1902 sine
597 1846 654 1901 ulla
673 1845 801 1901 ulteriore
820 1845 994 1917 arguitione,
1022 1843 1053 1900 ad

111 1925 181 1982 iliud
200 1923 349 1989 inclinent:
370 1944 450 1998 porro
470 1927 498 1982 in
517 1926 552 1982 iis
571 1928 618 1999 qui
637 1926 741 1997 patriae
759 1942 849 1980 amore
872 1926 957 1980 vitam
977 1925 1054 1981 relin-

111 2009 211 2077 quant;
241 2006 357 2079 denique
381 2006 476 2070 iniis,
508 2006 555 2079 qui
578 2005 675 2061 auditu
695 2004 812 2074 alicujus
832 2004 871 2060 rei
890 2004 919 2060 in
939 2022 998 2058 eam
1016 2005 1053 2060 in·

111 2085 225 2141 elinent.

146 2244 229 2303 Quod
247 2243 282 2299 ad
301 2243 467 2308 seeundum,
497 2247 602 2300 eertum
623 2247 681 2309 est,
712 2242 865 2307 hominem,
886 2242 935 2298 ubi
954 2241 1056 2316 aliquid

110 2322 175 2377 boni
192 2322 283 2387 videt,
309 2323 354 2378 vel
371 2323 464 2379 videre
483 2326 578 2394 putat,
599 2341 704 2395 semper
723 2322 856 2378 inclinare
875 2323 910 2377 ad
931 2324 1059 2381 unionem

111 2419 172 2458 eum
193 2420 238 2463 eo,
271 2403 369 2475 idque,
390 2407 501 2475 propter
520 2404 637 2470 bonum,
658 2405 730 2478 quod
750 2405 778 2459 in
797 2423 829 2459 eo
848 2404 1057 2466 animadvertit,

112 2485 241 2555 tanquam
262 2486 393 2555 optimum
413 2485 546 2555 praefert,
571 2484 768 2557 praeterquod
788 2483 858 2540 nihil
877 2489 945 2541 tune
965 2485 1060 2541 meiiuu

113 2822 175 2879 eujus
191 2835 236 2866 nou
252 2826 318 2869 antea
333 2821 368 2868 vel
384 2821 477 2868 omnine
493 2821 528 2869 vel
543 2836 584 2882 pru
601 2827 664 2883 parte
677 2822 792 2869 aenaimile
808 2822 1005 2882 cognovissemus,
1021 2822 1065 2871 etei

112 2905 158 2937 nen
173 2891 200 2938 ab
217 2891 279 2939 omni
294 2898 358 2954 parta
373 2893 405 2941 itu
420 2893 554 2940 instructum
571 2899 596 2942 ut
612 2893 688 2941 eodem
704 2893 770 2940 medo
786 2909 813 2941 eo
828 2893 903 2940 effoeti
918 2893 1036 2942 fuerintne.
