2354 3412
563 95 664 165 92¹

112 258 157 314 uia
175 259 261 329 igitur
278 274 347 329 quac
366 256 540 329 cogitationis
559 255 656 321 habet,
676 254 785 312 nonnisi
804 255 878 309 modi
896 258 962 309 sunt
975 253 1050 309 attri-

113 338 172 393 buti
200 337 375 408 cogitationis
395 336 468 408 quod
490 335 549 391 Deo
567 335 752 392 attribuimus.
790 332 828 388 ut
845 334 945 389 iterum
964 333 1052 389 omnia

110 435 180 490 quae
200 417 282 472 habet
299 418 415 480 formae,
436 420 541 481 motus,
560 423 588 471 et
605 415 720 471 aliarum
738 431 844 478 rerum,
864 414 959 468 eodem
976 412 1053 469 modo

73 562 75 568 ¹
112 498 226 554 alterius
238 497 365 554 attributi
378 503 452 563 sunt,
468 515 504 555 so.
517 495 699 557 extensionis,
713 494 786 567 quod
798 493 857 548 Deo
870 493 1055 550 attribuimus.

149 734 186 789 ut
213 751 375 806 quamquam
403 731 543 795 nonnulli,
570 732 634 787 inde
652 730 724 802 quod
744 731 860 785 hominis
879 735 979 786 natura
998 730 1056 784 sine

116 813 257 869 attributis
275 813 346 879 illis,
367 831 436 885 quae
454 813 506 884 ipsi
526 810 706 867 substantiam
726 827 783 865 esse
797 809 987 874 concedimus,
1009 825 1057 864 nec

112 893 231 948 existere
250 910 299 948 neo
317 892 435 964 intelligi
454 892 554 963 possit,
576 891 760 946 demonstrare
772 895 907 946 conantur
921 890 1056 947 homiuem

115 973 298 1028 substantiam
311 990 385 1036 esse,
406 971 455 1027 hoc
468 978 559 1028 tamen
572 988 626 1026 non
640 971 695 1025 alio
708 969 901 1035 fundamento,
917 970 971 1026 nisi
982 970 1058 1025 falsis

114 1053 349 1124 suppositionibus
357 1052 470 1116 nititur;
482 1070 543 1108 cum
553 1051 625 1106 enim
637 1055 735 1104 natura
744 1049 874 1104 matoriae
883 1049 928 1104 vel
938 1049 1057 1120 corporis

115 1133 174 1203 jam
193 1136 255 1188 ante
271 1133 383 1187 formam
396 1131 477 1202 hujus
486 1132 606 1201 corporis
616 1128 830 1195 humaniiuerit,
850 1131 1057 1187 naturahaecca

119 1213 223 1283 corpori
240 1211 358 1266 humano
372 1211 480 1284 propria
494 1215 550 1266 este
560 1212 670 1283 nequit,
688 1212 753 1283 quia
762 1209 865 1266 ciarum
875 1215 933 1277 est,
953 1228 1014 1266 eam
1022 1210 1058 1265 ad

116 1290 234 1346 hominis
246 1296 371 1346 naturam
381 1289 515 1361 pertinere
525 1307 580 1346 non
589 1292 710 1363 potuisse
719 1295 865 1363 antequam
875 1292 956 1347 homo
965 1291 1057 1346 fuerit.

117 1667 151 1681 ,ἱ

146 1769 182 1814 12.
198 1767 252 1813 uuo
275 1766 344 1827 igitur
354 1771 357 1778 “
367 1782 448 1828 corpus
471 1768 530 1827 quod
550 1768 716 1830 proportionem
733 1767 799 1815 babet
815 1768 849 1815 uti
865 1784 885 1815 e.
899 1783 935 1827 gr.
951 1766 1019 1814 unius
1035 1766 1062 1814 ad

113 1838 172 1895 tria,
194 1851 275 1898 corpus
288 1836 343 1885 illud
359 1844 382 1885 et
398 1844 540 1886 manserunt
556 1839 590 1885 uti
605 1844 706 1885 nostrum
721 1844 768 1896 eat,
793 1837 912 1885 mutationi
928 1853 959 1884 sc.
975 1837 1062 1896 subjec-

112 1915 161 1955 tum
176 1907 214 1954 aed
230 1923 276 1954 nun
291 1908 344 1966 tali,
361 1916 386 1956 ut
402 1909 645 1957 extrafinesoatuniua
654 1908 746 1967 adtria,
762 1915 930 1968 quantumvero
940 1914 1061 1965 mutatur,

114 1984 203 2046 tautum
219 1978 285 2025 etiarn
301 1994 362 2026 meus
379 1985 485 2027 mutatur.

146 2123 183 2168 13.
200 2121 263 2167 liacc
286 2122 381 2167 mutatio
405 2136 431 2168 ex
455 2120 506 2167 aliis
517 2119 652 2189 corporibus
667 2147 697 2155 -
713 2121 737 2167 in
753 2126 855 2167 nostrum
871 2117 1018 2180 operantibus
1035 2144 1065 2154 ‹-

116 2191 141 2238 in
164 2191 229 2240 uobis
252 2198 320 2248 crta,
341 2206 390 2238 ease
413 2191 491 2251 nequit
514 2190 559 2237 nisi
582 2205 655 2247 mena,
679 2205 736 2249 quae
759 2190 867 2237 contiuuo
891 2196 946 2236 tunc
961 2195 1064 2246 mumta,

115 2263 181 2321 hujus
197 2261 329 2309 mutationis
345 2262 433 2308 conscia
448 2262 500 2319 fiat,
516 2276 572 2321 quae
584 2260 679 2308 mutatio
695 2260 763 2308 idest
776 2261 836 2321 quod
849 2275 938 2307 sensum
951 2275 1067 2307 vocamus.

147 2404 186 2450 14.
202 2402 291 2450 Quodsi
314 2403 358 2450 alia
379 2417 473 2463 corpora
496 2408 543 2449 tam
566 2403 706 2449 vehementer
723 2403 747 2449 in
762 2407 864 2448 nostrum
879 2405 1017 2462 operantur,
1044 2409 1068 2448 ut

114 2475 231 2533 proportio
254 2479 328 2521 motus
351 2472 418 2520 unius
441 2473 469 2519 ati
492 2472 536 2519 tria
559 2487 647 2519 manere
662 2478 768 2537 nequeat,
792 2487 852 2519 mors
867 2470 930 2517 adest
946 2476 969 2517 et
985 2469 1068 2518 mentia

116 2541 253 2602 destructio,
269 2549 336 2604 prout
352 2543 401 2591 idae
417 2543 451 2590 vel
467 2543 560 2590 scientia
575 2550 609 2589 est
625 2545 691 2605 hujus
707 2542 808 2605 corporis
824 2543 849 2589 iu
863 2542 910 2589 ista
918 2541 1069 2603 proportione

119 2620 193 2661 mutua
208 2617 232 2662 et
248 2615 329 2675 qnietis
345 2632 368 2662 aa
384 2615 493 2663 habentis.

150 2757 188 2801 15.
205 2754 267 2802 usia
290 2771 342 2802 vero
365 2771 427 2803 mans
443 2757 521 2804 modus
536 2761 571 2802 est
586 2754 611 2802 in
626 2752 750 2802 substantie
766 2754 895 2814 cogitante,
915 2759 939 2800 et
956 2753 1018 2801 banc
1033 2753 1068 2800 uti

120 2825 257 2874 extensionis
273 2835 445 2886 cognoscereet
461 2843 547 2885 amare,
563 2832 586 2873 at
602 2841 625 2873 se
640 2825 690 2886 ipsa
705 2831 818 2872 aeternam
834 2823 924 2871 reddere
941 2823 1069 2884 potuisset,

117 2895 139 2941 si
157 2909 207 2942 cam
223 2894 353 2942 substantiis
369 2910 393 2942 se
408 2896 502 2943 uniiaaet
518 2911 604 2958 semper
618 2896 696 2944 iisdem
711 2894 861 2944 manantibus.
