2354 3412
633 103 671 162 76

181 271 288 322 tantum
303 267 342 321 rei
356 265 503 338 cogitantis
516 264 605 328 modi,
626 282 748 337 quaeque
762 281 811 319 nec
825 263 940 318 existere
956 281 1006 319 nec
1020 263 1130 336 concipi

179 350 281 418 queant
308 347 367 400 sine
390 344 544 400 substantia
562 345 611 399 illa
629 344 709 415 cujus
728 344 800 399 modi
821 350 901 408 sunt,
931 362 981 400 nec
1004 345 1047 408 ei,
1081 343 1129 416 qui

179 432 221 482 est
240 444 288 481 ens
306 443 354 498 per
373 444 400 480 se
419 430 525 481 tantum
546 426 687 486 existens,
707 424 820 479 attribui
841 424 954 495 possint.

215 663 357 719 Postremo
376 681 438 718 eum
457 681 591 719 summum
611 662 708 717 dicunt.
726 659 843 721 bonum:
864 677 918 731 quo
931 660 954 714 si
968 660 1044 715 alind
1060 661 1128 733 quid

180 742 337 815 intelligant
359 761 439 816 quam
455 743 511 814 jam
531 742 666 803 dixerint.
701 759 796 813 nempe
815 741 903 795 Deum
923 758 982 795 esse
1001 741 1131 797 immuta·

180 823 261 878 bilem
290 828 318 878 et
346 824 466 878 omnium
486 839 611 884 oausam,
641 822 670 875 in
688 821 808 893 ipsorum
828 820 890 875 idea
907 821 1014 876 confusi
1034 822 1138 886 fuere,

179 919 229 958 neo
248 921 276 958 se
295 903 346 975 ipsi
366 902 519 974 intelligere
537 903 702 972 potuerunt;
723 899 795 972 quod
815 907 903 955 ortum
924 904 966 955 ost
985 919 1019 956 ex
1033 919 1128 957 eornm

179 982 213 1036 de
241 981 312 1036 bono
341 986 368 1036 et
396 980 467 1036 malo
486 997 591 1045 errore,
620 996 673 1051 quo
692 984 791 1051 putant
810 979 962 1046 bominem,
992 997 1044 1036 nec
1064 999 1129 1037 vem

179 1062 285 1124 Deum,
316 1061 380 1117 boni
399 1061 441 1116 sui
460 1064 488 1115 et
507 1059 571 1114 mali
590 1077 699 1115 causam
719 1077 793 1121 esse:
819 1060 907 1132 quod,
928 1061 1080 1116 secundum
1101 1061 1128 1116 id

179 1142 251 1214 quod
267 1142 325 1212 jam
338 1140 598 1201 demonstravimus,
619 1156 677 1194 essa
691 1140 804 1211 nequit.
825 1140 878 1194 nisi
893 1139 1029 1195 bominem
1044 1141 1126 1195 etiam

180 1224 222 1278 sui
251 1239 359 1278 causam
397 1238 456 1276 esse
483 1237 624 1292 ponamus.
660 1219 742 1279 Quod
770 1236 850 1282 voro,
881 1217 928 1274 ubi
954 1220 988 1274 de
1008 1219 1126 1276 bominis

179 1301 321 1356 voluntate
340 1318 466 1372 agemus,
487 1298 588 1355 clarius
606 1298 695 1355 adbuc
714 1299 829 1370 patebit.

216 1619 280 1675 Jam
301 1635 410 1673 necesse
430 1617 497 1677 orit.
517 1621 550 1672 ut
568 1633 660 1672 corum
674 1615 855 1686 sophismata,
874 1615 975 1687 quibus
988 1617 1127 1672 inscitiam

180 1717 256 1753 snam
276 1699 309 1753 de
327 1700 386 1754 Deo
405 1716 535 1754 excusare
554 1701 704 1759 conantur,
726 1696 875 1751 solvamus.

217 1856 320 1912 Dicunt
340 1856 427 1928 igitur
445 1856 578 1927 primum,
605 1853 754 1925 legitimam
773 1853 957 1909 definitionem
979 1856 1127 1909 consistere

180 1937 278 1992 debere
305 1937 334 1992 in
362 1953 460 2008 genere
488 1939 515 1990 et
534 1936 638 2006 specie.
668 1935 739 2008 quod
760 1936 811 1990 etsi
831 1937 865 1991 ab
884 1936 1012 1992 omnibus
1031 1936 1127 2008 logicis

180 2017 360 2080 concedatur,
387 2015 479 2070 nescio
498 2020 589 2070 tamen
608 2015 680 2070 unde
699 2014 768 2070 illud
788 2015 920 2077 habeant:
942 2017 992 2072 hon
1011 2017 1083 2071 anim
1104 2017 1126 2073 si

180 2114 273 2151 verum
293 2099 377 2158 esset,
400 2095 469 2150 nihil
488 2100 559 2151 esset
577 2096 649 2168 quod
669 2097 738 2151 scire
757 2113 910 2166 possemus,
932 2097 1011 2168 quia,
1034 2097 1126 2153 siren

180 2179 261 2230 antea
279 2177 397 2247 perfecte
417 2192 579 2246 cognoscere
598 2176 743 2231 debeamus
760 2194 807 2246 per
819 2175 1005 2231 definitionem
1020 2179 1128 2248 generis

181 2261 208 2310 et
228 2256 343 2327 speciei,
364 2272 502 2327 nunquam
522 2257 640 2326 perfecte
658 2272 852 2326 cognoscemus
871 2272 1005 2310 summum
1026 2275 1126 2328 genus.

181 2335 253 2407 quod
273 2353 355 2405 supra
373 2352 401 2388 se
421 2332 527 2388 nullum
547 2351 633 2405 genus
653 2334 765 2397 hebeat:
785 2339 867 2406 atquc
888 2335 940 2390 nisi
954 2352 1041 2407 genus
1055 2355 1127 2392 sum·

181 2433 272 2475 mum.
303 2415 374 2488 qnod
402 2414 523 2469 omnium
552 2414 666 2470 aliarum
687 2431 774 2469 rerum
794 2415 944 2487 cognitioni
967 2433 1050 2471 cansa
1069 2423 1127 2480 est,

181 2500 378 2566 cognoscatur,
407 2493 494 2548 multo
521 2494 612 2549 minus
639 2494 709 2550 aliae
737 2513 794 2561 res,
826 2514 895 2568 quae
923 2515 1022 2568 genere
1045 2497 1127 2555 hococ

182 2573 370 2646 explicentur,
391 2572 510 2645 intelligi
530 2573 574 2628 vel
592 2576 719 2646 cognosci
739 2581 862 2647 possunt.

218 2654 287 2708 Cum
306 2671 371 2709 rero
390 2652 469 2709 liberi
489 2653 574 2708 simus
592 2671 643 2710 neo
662 2672 817 2711 noseorum
830 2655 1006 2728 opinionibus
1019 2656 1128 2715 devinc-
