2354 3412
556 121 614 180 100

111 286 232 343 tionibus
250 285 334 342 videt.
363 284 473 340 'Fortius
492 283 585 355 itaque
604 283 704 340 certior
722 283 831 356 quidem
850 286 893 338 est
910 300 976 338 vere
987 278 1034 338 flur

111 385 180 439 quoe
208 383 347 438 nunquam
375 383 437 420 eum
465 364 560 420 fallere
588 367 677 435 potest
703 368 730 416 et
749 380 842 418 revera
858 363 938 417 fidem
958 362 1034 418 habet

110 450 225 520 quartus
243 450 335 501 autem
354 462 404 499 nec
422 444 577 516 opinionem
596 461 646 499 nec
659 442 738 497 fidem
752 442 848 508 hebet,
868 442 916 497 sed
929 460 973 498 res
985 443 1034 515 ipsr

112 525 231 581 intuitus
249 528 306 588 est,
327 541 377 579 uec
395 522 451 579 alia
469 541 498 578 re
516 539 599 595 quam
618 522 698 577 rebus
717 522 793 592 ipsis.

395 923 520 981 CAPUT
551 921 771 980 SECUNDUM.

228 1099 300 1148 curn
319 1097 363 1138 srr
382 1097 498 1147 ornere,
518 1096 616 1146 erens,
637 1097 674 1136 nr
692 1096 836 1138 coanrrro
852 1097 954 1139 cnara,

147 1244 209 1299 Jem
235 1226 415 1299 tractabimus
433 1243 467 1297 de
485 1242 577 1297 variae
596 1240 762 1313 cognitionis
781 1241 935 1304 effectibus,
954 1242 989 1297 de
1008 1262 1034 1316 qr

111 1324 201 1394 capite
220 1322 392 1394 praecedenti
411 1320 604 1393 loquebamur,
625 1325 653 1377 et
671 1327 801 1394 tanquam
820 1323 971 1378 intransitu
987 1323 1034 1382 dic

116 1422 189 1468 mus,
210 1403 276 1475 quid
296 1402 332 1458 sit
351 1401 460 1473 opinio,
480 1400 564 1465 fides,
583 1405 611 1456 et
629 1403 750 1472 cognitio
768 1401 851 1457 clare.

147 1561 267 1617 Primam
287 1577 415 1616 vocamus
433 1559 604 1631 opinionem,
624 1561 725 1632 quippe
743 1578 812 1632 quae
832 1560 916 1615 errori
937 1561 1032 1634 subjec

114 1658 165 1696 uec
183 1658 303 1712 unquam
323 1640 418 1695 locum'
431 1638 530 1694 habeat
549 1640 578 1694 iu
597 1657 625 1694 re
644 1640 724 1710 cujus
736 1641 866 1695 certiores
879 1657 992 1704 sumus,
1013 1659 1034 1697 er

113 1722 141 1776 in
169 1719 218 1774 illa
246 1718 451 1783 tantummodo,
481 1736 561 1791 quem
589 1719 764 1790 conjicimus,
795 1719 836 1773 vei
866 1720 900 1774 de
929 1720 1033 1792 quadi

113 1799 193 1855 nobis
210 1799 329 1855 videtur.

147 1880 300 1936 Secundam
319 1879 398 1934 fidem
418 1894 561 1939 vocemus,
581 1880 645 1951 quie
664 1898 721 1944 res,
743 1879 801 1934 sole
820 1880 926 1935 ratione
944 1885 1034 1952 captor

111 1978 128 2015 a
155 1959 235 2014 nobis
263 1976 318 2015 non
336 1959 480 2024 videntur,
510 1959 641 2031 nobisque
660 1958 718 2014 sole
737 1959 910 2030 persuasione
928 1960 958 2015 in
979 1961 1034 2015 inte

112 2040 187 2095 iectu
205 2040 345 2110 cognitum
365 2043 421 2105 est,
442 2056 488 2093 aas
506 2038 547 2093 ita
565 2057 615 2094 neo
633 2037 714 2094 aliter
733 2057 760 2093 se
780 2038 878 2093 habere
896 2038 941 2093 vel
961 2039 1034 2096 haber

110 2137 267 2256 poiiiitiem
285 2197 470 2268 cognitionem
488 2196 589 2252 cleram
609 2213 752 2260 vocamus,
773 2214 828 2252 non
846 2197 920 2269 quod
938 2197 1005 2254 talis
1023 2217 1034 2254 ε

110 2281 216 2337 ratione
235 2278 431 2351 persuadente,
452 2276 499 2332 sed
519 2295 600 2332 sensu
619 2281 646 2332 et
666 2277 796 2332 fruitione
814 2293 904 2331 rerum
918 2277 1034 2348 ipsarum

111 2360 264 2432 ceterisque
283 2358 371 2414 multo
389 2356 537 2429 praecellit.

147 2518 225 2574 Haec
243 2517 375 2589 praefati,
394 2516 536 2572 veniamus
552 2515 608 2586 jam
627 2514 661 2569 ad
680 2531 773 2569 eorum
791 2515 924 2578 effectus:
949 2513 984 2569 de
998 2531 1034 2587 qn

114 2600 165 2655 bus
186 2596 323 2662 dicimus,
341 2614 356 2650 e
375 2595 462 2667 prima
481 2594 546 2650 oriri
565 2611 657 2649 omnes
676 2594 815 2665 passiones
827 2613 897 2667 quae
910 2612 973 2650 cum
987 2594 1032 2650 bo

112 2679 218 2735 ratione
236 2679 377 2750 pugnant,
396 2694 412 2730 e
430 2676 550 2731 secunde
569 2674 653 2730 bonos
666 2675 819 2747 appetitus,
839 2674 950 2730 etertia
962 2690 1034 2730 vert

112 2768 141 2814 et
160 2759 295 2814 sincerum
314 2772 432 2811 amorem
451 2772 513 2812 cum
532 2755 659 2811 omnibus
678 2756 760 2811 remis
779 2755 847 2826 ejus.

142 2996 192 3052 Ite
222 3000 253 3051 ut
275 2995 426 3068 proximam
446 2993 601 3066 passionum
621 3010 731 3050 causam
750 2993 779 3048 in
798 2996 888 3049 mente
908 2995 1034 3049 habeam
