2354 3412
637 119 693 178 198

192 277 333 340 dicentum
365 279 406 335 uti
433 279 518 336 etiem
545 281 574 334 et
595 295 651 335 rem
669 281 835 353 cogitantem
854 279 964 336 nnioom
982 277 1123 337 tontnn‘n
1160 316 1171 353 ι,

191 362 290 414 nature
317 376 391 424 ecee,
420 377 489 432 quae
511 360 540 415 in
568 358 683 416 infinitis
700 359 770 416 ideis
787 376 916 431 expresse
933 359 972 415 eit
989 376 1033 416 sec

191 438 313 494 infinitae
330 439 360 495 io
379 443 478 504 notura
495 456 549 494 rec.
586 439 706 511 Corpore
724 439 795 495 enim
815 439 898 494 telem
917 439 1028 496 modum

192 523 269 573 rente
288 518 330 574 uti
348 535 391 575 ex.
419 535 461 591 gr.
491 517 569 574 Petri
589 535 704 590 corpus,
733 525 761 574 et
778 519 864 575 elium
881 536 980 575 eureus
999 521 1040 576 uti

192 614 306 669 corpus,
327 599 390 654 inde
408 598 547 670 procedit,
576 601 648 672 quod
667 600 697 654 in
715 615 744 654 re
762 601 902 671 cogitante
923 598 997 654 duee
1014 599 1061 656 din

192 679 269 734 idece
287 680 344 734 sint
362 696 400 736 sc.
420 680 482 735 ideo
501 679 623 751 corporis
640 680 733 745 Petri,
761 698 831 751 quoe
849 684 969 734 mentem
988 679 1065 736 Petri

193 760 248 823 cit,
268 759 369 815 etalio
392 759 472 817 Ponti
498 761 618 832 corporis
638 759 698 814 ideo
717 777 786 831 quae
804 759 887 816 Penii
905 757 989 816 efficit
1009 777 1070 816 men

194 837 252 893 Ros
280 856 345 894 vero
363 840 488 910 cogitans
505 838 583 894 Petri
601 838 710 911 quidem
729 856 827 909 corpus
845 838 922 893 Petri
940 839 1086 911 conporie'
1123 898 1126 903 ,
1158 884 1166 889 .

194 934 301 972 movere
319 922 425 990 potest,
445 934 501 974 non
520 934 585 973 vero
603 922 723 988 corporis
742 919 822 976 Pauli
841 918 922 982 ideo,
944 936 1014 990 quoe
1032 923 1091 974 tent

198 999 336 1070 proprium
356 1015 436 1054 suum
454 1015 554 1070 corpus
573 1015 679 1053 movere
699 1005 796 1071 quect,
826 1015 881 1054 non
899 1014 965 1053 vero
983 997 1073 1060 eliud.
1096 988 1134 1059 ot.

196 1095 224 1132 v.
251 1094 276 1134 o.
297 1078 390 1145 Petri,
418 1096 506 1151 neque
525 1077 611 1149 igitur
629 1077 746 1148 lapidem
765 1078 856 1150 quiete
875 1094 904 1133 oe
922 1077 1068 1133 habentem
1083 1092 1130 1134 teo·

196 1174 259 1213 vere
283 1161 390 1228 poteet3
419 1158 499 1229 cnjus
526 1159 599 1213 enim
627 1157 683 1215 elio
709 1175 804 1214 rnrens
831 1158 893 1213 ideo
921 1158 951 1212 in
979 1163 1070 1214 mente
1088 1158 1128 1219 tc

195 1239 236 1295 ite
254 1243 287 1294 nt
305 1238 412 1294 nullum
430 1254 529 1311 corpne
548 1238 658 1295 omnino
677 1238 769 1311 quiete
782 1255 811 1292 se
823 1237 926 1295 hebeno
939 1239 1043 1294 moreni
1055 1234 1131 1310 ped

196 1319 290 1390 aliquo
308 1318 484 1390 cogitationis
503 1319 590 1376 modo.

238 2115 340 2177 Tertio,
370 2113 442 2185 quod
461 2113 533 2170 olene
553 2118 644 2169 tannen
662 2112 819 2184 conspicere
837 2128 915 2182 pomo
933 2111 1073 2176 videmur,
1092 2125 1134 2166 noe

200 2194 228 2248 in
248 2209 359 2264 corpote
377 2192 514 2265 quendem
533 2193 652 2266 quietem
670 2192 774 2250 efficere
793 2209 886 2264 poeee;
909 2195 1056 2264 postquem
1072 2189 1135 2247 enin

197 2542 262 2600 onjne
277 2541 327 2590 ideo
346 2544 371 2591 in
387 2559 412 2592 re
435 2544 549 2605 cogitante
564 2543 689 2592 necoeecrio
705 2543 753 2591 (ieri
769 2543 845 2602 debet,
860 2543 943 2603 ilioque
957 2541 1008 2590 idco
1024 2537 1140 2590 noento

198 2611 262 2659 nnita
285 2627 333 2661 eece
356 2614 421 2662 debet
444 2629 494 2662 cnm
518 2617 623 2676 corpore,
647 2620 696 2664 tote
719 2616 823 2678 ponimus
844 2620 938 2664 mentem
954 2619 1004 2676 eine
1021 2630 1068 2663 non
1081 2613 1142 2662 elin

199 2700 248 2732 eece
268 2701 334 2746 qnem
357 2688 429 2737 ideam
454 2690 536 2736 hancce
559 2691 625 2750 hujus
648 2691 697 2750 ejus
721 2688 822 2748 corporis
844 2687 869 2734 in
893 2702 916 2734 re
931 2687 1058 2748 cogitante.
1086 2681 1142 2734 Mi

198 2771 253 2803 vero
277 2773 358 2820 corpur
382 2767 454 2808 motnn
476 2761 600 2826 quietisque
616 2758 782 2822 proportionem
798 2757 908 2818 quendem
924 2757 1003 2817 hebet,
1030 2771 1087 2819 qnae
1100 2768 1143 2804 eet·

202 2828 294 2887 ponibnn
317 2831 415 2879 externis
438 2832 572 2893 generaliter
595 2836 706 2887 mutetur,
732 2843 803 2889 neque
826 2829 872 2876 nlla
886 2827 983 2876 mntntio
999 2828 1051 2877 fleri
1064 2829 1144 2891 potui,

198 2898 243 2944 niei
269 2915 326 2960 quoe
349 2902 426 2951 stetim
448 2909 471 2951 et
495 2904 520 2951 in
543 2903 592 2951 ideo
609 2899 666 2961 'flet3
689 2901 740 2948 inde
764 2900 864 2962 procedit
886 2900 947 2960 quoti
969 2900 1072 2948 hominen
1091 2897 1145 2946 ii!

202 2969 299 3020 habeant
315 2972 437 3024 reflexione.
453 2973 512 3022 Dico
529 2990 582 3022 vero
597 2974 649 3035 quio
665 2972 833 3036 proportionem
848 2977 922 3020 motor
937 2970 1067 3033 quietisque
1073 2968 1146 3026 Μ.

193 3059 246 3093 com
264 3044 328 3095 nollo
344 3044 368 3094 in
385 3059 479 3110 corpore
493 3045 543 3095 tieri
557 3046 629 3109 poenit
644 3048 718 3107 ectio,
733 3046 777 3095 niei
793 3046 837 3095 dno
853 3045 908 3096 heco
923 3049 1069 3094 mmmm.

64 3158 88 3216 Ι
