2354 3412
321 391 781 477 PRAEFATIO.

113 651 229 708 Novem
250 648 359 706 circiter
379 650 445 708 anni
466 656 550 721 sunt,
581 671 617 710 er
639 672 695 730 quo
715 651 771 709 Ed.
792 651 950 722 Boehmer,
980 652 1023 712 vir

72 737 274 807 doctissimus,
296 738 387 796 Halae
410 738 446 796 ad
467 738 559 798 Salam
579 740 748 800 lineamenta
769 741 857 800 edidit
877 743 1022 801 Tractatus

73 828 229 906 Spinozani
255 830 288 886 de
308 829 369 886 Deo
390 834 418 886 et
441 829 576 901 Homine,
605 850 676 908 quae
697 837 832 889 autumno
852 831 1021 908 praeceden-

72 924 119 987 te,
152 924 262 975 nostras
292 917 490 995 perambulans
516 920 689 996 provincias,
721 920 925 978 Amstelodami
945 920 1022 997 apud

71 1007 219 1064 literatum
239 1007 320 1065 illum
334 1007 537 1085 bibliopolam,
559 1008 739 1066 Fredericum
759 1008 927 1078 Mulierum,
948 1009 1022 1067 vitae

72 1097 243 1173 philosophi
271 1097 437 1155 Coleriauae
468 1097 621 1174 exemplari
645 1097 775 1172 adjuncta
794 1097 848 1154 sibi
868 1096 1023 1174 acquisive-

72 1191 128 1242 rat.
150 1186 218 1243 Non
233 1185 282 1243 diu
297 1191 361 1263 post
374 1185 449 1243 idem
464 1186 512 1244 ille
526 1186 694 1263 bibliopola,
710 1186 740 1243 in
754 1186 881 1243 auctione
894 1187 1020 1263 publica,

72 1275 298 1351 manuscriptum
321 1275 461 1351 quendam
480 1275 583 1334 librum
597 1274 771 1344 inveniebat,
793 1275 912 1332 versioni
926 1275 1022 1350 Belgi-

73 1383 125 1420 cae
138 1362 345 1439 Principiorum
360 1364 558 1441 philosophiae
573 1364 748 1442 Carpesianae
762 1363 900 1432 additum,
923 1383 1019 1440 quem,

71 1451 232 1510 accuratius
251 1451 426 1529 inspectum,
449 1452 594 1535 Belgicam
614 1453 769 1536 vprsiouem
786 1453 929 1510 continere
943 1453 1020 1512 vide·

71 1541 124 1597 bat
156 1540 282 1614 ejusdem
303 1540 439 1617 Spinozae
462 1542 622 1622 Tracttatr'rs',
648 1541 748 1600 seculo
769 1540 905 1598 anteriore
925 1541 1019 1600 medio

70 1631 281 1707 praeterlapso,
312 1649 399 1687 manu
431 1619 614 1709 nitissidime'
630 1620 777 1706 scriptam,
808 1630 909 1706 cuique
926 1630 1019 1707 philo·

71 1718 158 1794 sophi
178 1717 251 1786 vita,
273 1717 308 1775 ab
329 1718 427 1776 eadem
452 1739 536 1777 manu
555 1716 680 1794 profecta
696 1707 810 1795 piisque
827 1717 1018 1794 compilatoris

70 1805 316 1864 observationibus
336 1807 457 1876 munita,
480 1807 632 1887 praemissa
646 1813 719 1865 erat.
738 1806 838 1864 ·Brevi
858 1814 923 1883 post
941 1807 1017 1865 idem

66 1896 113 1952 vir
133 1895 262 1952 literatus
282 1894 311 1951 in
330 1895 585 1975 Orphanotropheo
600 1882 880 1980 Teleiobaptistarum
894 1895 1017 1953 Amstel-

66 1983 229 2041 lodamensi
260 1984 292 2040 do
325 1985 521 2060 OronJo-oppel
546 1977 682 2063 inscripto
714 1989 808 2060 (antea
840 2006 935 2044 eorum
968 1987 1018 2065 qui

71 2075 256 2146 Colleqionten
277 2073 414 2143 audiunt,
437 2074 472 2131 de
488 2093 606 2151 quorum
622 2093 685 2132 cum
700 2075 819 2151 Spinoza
829 2075 1017 2136 familiaritate

68 2162 106 2220 cf.
133 2164 243 2221 uolam.
262 2168 276 2233 ξ
291 2167 322 2237 4)
336 2182 450 2221 manum
465 2163 559 2238 injecit
573 2163 602 2221 in
616 2163 766 2220 nonnullas
776 2164 936 2242 philosophi
947 2167 1017 2225 ami·

67 2270 225 2327 corumque
246 2251 378 2327 epistolas
398 2253 585 2329 autographas
605 2251 710 2308 ibidem
725 2258 854 2310 servatas.
886 2254 1016 2331 Duplicis

67 2340 155 2414 hujus
182 2340 287 2397 inventi
310 2339 345 2397 ab
366 2358 399 2398 eo
420 2340 520 2398 certior
540 2339 647 2409 factus,
678 2341 842 2417 chartasque
863 2349 891 2399 et
910 2342 1014 2401 librum

68 2429 202 2485 evolvens
217 2447 288 2505 quae
303 2427 388 2498 mihi,
410 2435 441 2486 ut
455 2429 637 2506 inspicerem,
659 2431 788 2499 miserat,
804 2431 937 2508 epistolas
950 2432 1014 2490 illas

67 2523 179 2593 partem
207 2535 268 2574 esse
294 2536 388 2574 earum
410 2517 482 2586 vidi,
512 2538 583 2595 quae
603 2538 720 2595 operum
741 2519 877 2594 Spinozae
897 2521 1013 2596 posthu-

67 2625 180 2662 morum
203 2604 358 2662 editoribus
378 2606 414 2663 ad
435 2626 548 2665 manum
569 2607 663 2676 fuere,
684 2607 719 2665 ab
739 2607 774 2664 iis
795 2627 861 2665 vero
882 2627 933 2666 nec
953 2628 1012 2666 om·

67 2715 118 2753 nes
134 2714 185 2751 nec
199 2694 366 2771 plerumque
380 2694 504 2770 integrae
518 2696 609 2754 editae
621 2702 694 2754 sunt.
717 2697 801 2772 Quod
817 2698 852 2755 ad
866 2698 1011 2756 Tractatus

67 2783 226 2842 versionem
248 2802 306 2840 rem
328 2803 358 2839 se
378 2783 480 2841 habere
501 2784 641 2854 intellexi,
662 2786 704 2843 uti
720 2786 842 2844 Mullero
855 2785 1011 2857 videbatur,

67 2891 189 2949 eamque
210 2871 308 2928 eadem
329 2871 410 2929 nobis
432 2872 467 2930 de
487 2873 550 2930 Deo
570 2874 739 2950 homineque
759 2874 868 2949 integra
881 2875 1011 2932 exhibere

67 2962 178 3039 capita,
201 2979 320 3038 quorum
341 2961 515 3020 Boehmerus
535 2962 703 3020 lineamenta
723 2963 753 3021 in
766 2964 856 3021 lucem
870 2964 1011 3041 produxe·
