2354 3412
569 113 607 171 90

114 274 159 328 vel
177 291 291 345 corpus,
321 273 503 330 substantiam
522 292 609 340 esse„
625 273 763 346 quiajam
781 279 861 328 antea
880 273 909 329 in
930 275 1049 329 tractatu

115 354 195 409 initio
214 353 398 410 ostendimus:

150 435 175 488 l.
195 433 308 489 Nullam
326 435 508 490 substantiam
526 433 646 506 incipere
665 449 758 505 posse.

151 514 177 577 2,
198 512 311 567 Nullam
330 513 510 568 substantiam
528 513 643 568 alteram
661 530 739 584 posse
758 510 919 584 producere.

150 595 176 648 3.
196 594 261 649 Nou
280 594 397 650 existere
415 611 494 666 posse
512 593 581 648 duas
600 591 768 648 substantias
787 590 924 663 aequales.

150 672 220 728 Cum
247 673 334 745 igitur
358 674 437 729 bomo
456 691 511 729 non
530 672 613 729 inerit
632 672 665 727 ab
684 675 810 734 aeterno,
839 671 930 742 aitque
950 669 1049 725 linitus

114 752 291 825 pluribusque
309 753 465 810 hominibus
485 752 596 817 similis,
616 751 770 806 substantia
789 768 847 805 esse
861 749 968 821 nequit.
999 748 1049 804 On

144 927 166 973 5.
181 925 282 972 Dicimus
306 924 434 983 existentis,
458 923 511 983 quia
536 923 572 969 hic
596 936 642 969 non
662 919 748 980 agium
764 919 792 966 ule
807 918 938 979 cognitione
954 917 990 965 vel
1006 917 1049 965 iulos

55 1029 60 1047 r
111 1001 154 1043 etc.
177 1010 234 1054 quac
253 999 324 1042 totam
348 1001 450 1042 naturam
474 995 572 1041 omnium
587 988 672 1040 eutium
688 988 785 1036 essentia
800 1004 840 1036 aua
856 987 997 1036 internarum
1013 1001 1049 1048 uoq

112 1072 191 1113 noscat
215 1066 263 1112 sine
286 1065 418 1126 particulari
441 1068 490 1126 eJ'ue
514 1064 644 1120 existentia,
669 1060 707 1107 sed
727 1065 815 1108 tautum
838 1058 865 1107 (le
881 1058 1014 1119 cognitione
1030 1073 1049 1106 u

112 1137 179 1193 ideis,
199 1140 242 1184 etc.
257 1151 330 1183 rerum
346 1136 526 1197 particularium,
542 1151 599 1195 quae
614 1136 721 1184 contineo
737 1135 844 1183 existunt.

145 1279 167 1325 6.
183 1275 276 1323 Haueoe
299 1275 451 1336 cognitionem
470 1275 505 1323 vel
520 1275 606 1333 ideam,
629 1280 672 1324 etc.
685 1279 791 1336 cuiusque
803 1274 836 1322 rei
850 1272 996 1335 particularia
1010 1286 1049 1332 qur

112 1347 203 1394 realiter
218 1346 306 1404 existit,
322 1346 416 1394 dicimus
431 1351 526 1394 mentem
543 1345 604 1394 illiue
620 1346 654 1394 rei
668 1345 817 1409 particularia.

146 1489 169 1540 7.
184 1487 264 1534 Omnia
279 1493 302 1534 et
318 1502 467 1547 quaecumque
480 1487 677 1546 respectantis,
694 1502 750 1547 quae
757 1485 851 1534 exutam
858 1484 952 1547 incipit,
968 1483 1049 1532 nascita

114 1565 176 1607 motu
199 1563 222 1606 et
245 1558 331 1618 quiete3
355 1564 449 1618 euntque
472 1558 505 1606 ita
529 1558 588 1604 morli
612 1573 689 1605 omnes
714 1558 738 1605 in
760 1556 890 1605 extensione
910 1555 1049 1604 substantiae

114 1647 179 1691 quaur
195 1642 276 1690 corpus
292 1628 392 1678 dicimus.

146 1704 168 1749 8.
192 1699 295 1747 Varistae
310 1698 399 1747 illorum
415 1699 549 1760 (modorum)
566 1699 666 1746 uescitur
682 1714 709 1747 ex
726 1699 770 1747 alia
785 1703 858 1746 mutue
872 1696 999 1759 quietisque
1013 1708 1049 1759 pro

114 1771 234 1833 portione,
250 1785 293 1830 qua
309 1772 352 1818 boo
368 1772 414 1830 ita,
430 1771 486 1819 illud
502 1771 547 1818 alio
563 1771 628 1818 modo
645 1775 687 1819 est.

146 1916 171 1960 e.
184 1911 219 1959 Dc
242 1913 309 1959 hacce
324 1913 469 1975 proportione
481 1917 555 1960 motus
568 1917 591 1958 et
604 1911 686 1971 quietis
701 1911 768 1958 etiarn
781 1910 877 1959 existere
890 1909 971 1971 incipit
986 1923 1049 1970 corpu

116 1987 229 2038 nostrum,
245 1983 309 2042 cuiue
325 1987 373 2028 tum
389 1997 435 2029 nou
451 1983 524 2030 minue
540 1998 606 2042 quam
621 1983 720 2030 omnium
736 1982 872 2041 reliquarum
882 1995 957 2028 rerum
965 1978 1049 2041 cogniti

116 2055 151 2100 vet
166 2052 214 2099 idea
230 2053 254 2098 in
270 2051 407 2112 cogitatione
421 2069 470 2100 esec
484 2053 561 2112 (lebet,
577 2060 600 2101 at
615 2053 647 2100 sio
663 2053 730 2100 etiam
746 2066 807 2099 mene
823 2057 908 2100 nostra.

148 2194 185 2241 10.
201 2192 243 2240 Sed
259 2194 284 2240 iu
299 2193 344 2240 alia
360 2194 505 2255 proportione
520 2200 593 2243 motus
608 2199 631 2242 et
645 2194 727 2255 quietis
742 2200 790 2242 erat
799 2196 867 2241 hocce
874 2197 977 2240 nostrum
987 2207 1049 2254 corpu

117 2279 167 2311 cum
182 2264 281 2312 nondum
297 2269 374 2311 natum
389 2269 459 2324 esset,
475 2270 498 2314 et
513 2265 603 2324 deinde,
619 2270 642 2313 et
657 2266 682 2312 in
697 2265 742 2312 alio
759 2265 802 2313 erit
817 2263 883 2312 nobie
896 2265 945 2324 jam
962 2262 1049 2311 mortui

118 2335 270 2382 Nihilominus
291 2350 343 2382 vero
366 2340 390 2382 et
404 2340 467 2394 tum,
489 2340 512 2383 et
527 2336 606 2384 deinde
621 2336 743 2397 aequaliter
758 2336 807 2383 idea
822 2336 857 2383 rel
874 2334 977 2396 cognitio
993 2336 1049 2381 nodi

115 2406 216 2466 corporis
239 2405 263 2452 in
287 2405 423 2466 cogitatione
446 2406 489 2453 erit
512 2422 577 2466 quarn
598 2422 670 2466 nunc,
693 2422 739 2454 non
756 2423 808 2455 vcro
824 2406 913 2463 eadem,
937 2405 992 2465 quia
1007 2419 1049 2453 uus

116 2477 182 2523 aliter
197 2476 264 2523 situm
281 2481 315 2524 eet
330 2475 389 2535 quod
404 2477 431 2524 ud
448 2482 532 2524 motum
549 2482 572 2525 et
587 2477 693 2536 quietem.
713 2496 716 2502 ·

147 2619 185 2665 11.
200 2616 237 2665 au
252 2616 416 2677 producendum
431 2617 502 2678 igitur
516 2619 583 2665 talem
600 2618 671 2666 ideam
688 2617 723 2665 vel
738 2616 853 2677 cogitandi
868 2615 959 2664 modurn
971 2616 998 2662 in
1006 2629 1049 2676 aeg

113 2687 200 2737 tatione
223 2687 378 2747 subrtantitb,
402 2689 475 2748 qualia
497 2689 552 2736 baec
575 2694 653 2737 nostra
674 2691 722 2749 ism
738 2692 782 2746 eet,
810 2703 856 2735 nou
871 2687 969 2747 exigitur
985 2699 1049 2747 corpu

115 2758 261 2819 quodcunque
284 2763 345 2819 (naun
368 2763 424 2808 tuuc
446 2759 512 2808 aliter
533 2760 585 2808 coiri
607 2761 695 2808 debent
713 2775 778 2820 quan
794 2762 837 2818 est)
854 2759 892 2806 sed
907 2759 954 2805 tale
967 2755 1049 2818 quadi

119 2834 182 2877 motu
198 2837 220 2878 et
236 2830 311 2890 quiete
326 2830 401 2879 eedem
417 2832 563 2894 proportione
578 2831 646 2879 eitum
662 2837 712 2888 ηις
735 2832 800 2890 quia,
824 2830 890 2890 quale
905 2844 1000 2891 corpus,
1015 2825 1049 2875 tul

118 2901 184 2949 etiam
201 2917 264 2950 mene
279 2901 339 2960 idea,
356 2902 468 2964 cognitio,
484 2907 527 2951 ete.
