2354 3412
604 121 661 179 154

160 282 353 356 corruptibiles
376 282 523 356 multisque
542 282 651 338 casibus
669 281 803 338 obnoxiae
821 284 901 344 sunt,
931 278 996 335 iude
1017 295 1115 336 ποωε-

159 363 230 418 sario
249 364 373 436 sequitur
391 363 500 427 odium,
521 363 649 426 tristitia,
670 367 723 419 cet.
745 366 806 434 post
824 360 908 417 amati
926 359 1029 430 objecti
1046 376 1121 414 mu—

159 443 305 507 tationem
326 444 435 506 odium,
456 442 504 498 ubi
522 442 622 516 aliquis
635 445 754 497 amatum
768 441 885 503 adimat:
906 439 1036 503 tristitia,
1056 437 1125 495 ubi

159 522 309 586 amittitur:
331 523 431 587 bonos,
451 523 560 594 quaudo
579 524 621 578 sui
640 539 730 577 amore
749 522 863 584 nititur:
883 522 962 576 lavor
979 523 1007 574 et
1022 518 1131 591 grati-

160 601 244 662 tudo,
267 603 376 674 qnando
395 603 534 674 proximus
553 619 607 657 non
626 602 677 657 Dei
696 619 779 658 causa
798 605 914 657 amatur.
951 598 1071 661 Quando
1086 615 1131 652 ο

159 682 296 738 contrario
323 682 404 738 bomo
432 683 520 738 Deum
539 698 628 737 amare
647 682 759 753 incipit,
789 681 836 754 qui
856 696 961 750 semper
979 680 1133 734 immuta-

159 761 223 817 bilis
241 765 282 816 est
301 765 460 833 manetque,
480 760 648 832 impossibile
667 765 709 816 est
727 761 755 816 in
769 765 896 832 stagnum
909 758 988 814 illum
1002 757 1127 830 passio-

160 859 225 896 num
252 841 388 903 incidere;
418 858 501 913 quare
525 844 654 912 tanquam
682 844 783 897 certam
801 841 960 911 firmamque
979 837 1128 911 ponimus

160 923 293 994 regulam,
321 920 410 975 Deum
430 920 545 991 primam
564 920 726 993 unicamque
745 920 833 976 omnis
851 919 916 975 boui
935 918 1023 974 nostri
1040 932 1124 973 cau·

161 1019 234 1068 sam,
255 1001 372 1073 malique
391 1001 478 1055 nostri
496 1016 555 1055 esse
574 999 758 1057 liberatorem.

197 1239 321 1311 Denique
340 1237 610 1294 animadvertendum
630 1236 719 1295 adbuc
732 1239 790 1300 est,
811 1253 945 1300 amorem,
965 1239 1017 1293 cet.
1029 1236 1109 1292 inde·

161 1320 320 1375 terminatos
338 1336 415 1383 osse,
435 1316 496 1375 soil.
517 1334 563 1372 eos
582 1335 636 1390 quo
655 1317 740 1387 magis
753 1320 911 1373 accrescant
922 1334 954 1371 eo
968 1319 1104 1388 praestan·

161 1398 245 1454 tiores
268 1399 398 1461 evadere,
427 1397 527 1469 quippe
545 1398 592 1469 qui
610 1397 640 1453 iu
658 1396 796 1468 objectum
814 1395 930 1452 tendant
949 1396 1099 1454 inlinitum.

162 1495 245 1551 quare
272 1478 347 1532 omni
375 1482 494 1547 tempore
517 1493 670 1532 accrescere
698 1479 822 1549 possunt.
861 1475 945 1536 Quod
968 1473 1098 1531 materian
1155 1523 1157 1526 .

163 1556 242 1612 nobis
260 1554 415 1627 praebebit,
435 1573 450 1610 e
468 1573 522 1627 qua
540 1557 630 1627 capite
648 1557 790 1612 vicessimo
804 1555 887 1612 tertio
899 1555 982 1612 animi
996 1556 1093 1611 immor·
1159 1595 1160 1598 η

163 1636 300 1692 talitatem
318 1635 512 1692 concludemus
530 1640 558 1692 et
576 1635 828 1692 demonstrabimus.

199 1874 349 1945 Hucusque
377 1873 464 1945 igitur
487 1873 520 1928 de
539 1874 665 1930 omnibus
685 1874 786 1935 locuti,
816 1892 886 1945 qnae
904 1873 984 1929 nobis
1000 1870 1089 1927 tertiam

164 1955 280 2027 speciem
308 1954 351 2008 vel
370 1955 495 2010 effectum
514 1972 594 2009 verae
611 1955 675 2010 fidei
694 1953 859 2017 ostendunt,
884 1953 942 2024 jam
961 1951 1046 2024 capite
1059 1965 1089 2005 sc·

163 2038 263 2106 quante
291 2034 493 2105 progrediemur
511 2037 628 2090 tractare
646 2035 680 2090 de
698 2039 796 2108 quarto
816 2033 971 2106 ultimoque
989 2031 1086 2088 edoctu,
1174 2079 1177 2088 ,

165 2113 276 2169 anobis
295 2131 356 2184 pag.
377 2115 547 2170 licetne
566 2114 686 2170 nondum
705 2114 802 2186 posito.

359 2445 484 2504 CAPUT
511 2446 695 2504 DECIMUM
719 2445 911 2507 QUINTUM.

482 2619 520 2660 DE
538 2619 616 2660 VERO
637 2619 671 2658 ΕΤ
689 2619 789 2659 FALSO.

200 2762 241 2816 Ut·
268 2761 426 2827 videamus,
458 2762 592 2834 quomodo
620 2771 734 2835 quartus
763 2763 931 2836 ultimusque
950 2777 1027 2817 verae
1043 2749 1090 2812 fldsi

165 2841 277 2897 effectus
304 2859 397 2898 verum
423 2841 576 2916 falsumque
595 2843 674 2898 nobis
693 2843 836 2909 ostendat,
864 2843 990 2898 veritatis
1007 2835 1092 2895 falsita-

164 2922 255 2994 tisqoe
273 2921 459 2977 definitionem
478 2923 690 2994 praemittemus.
