2354 3412
647 84 704 143 180

201 249 318 322 primum
349 247 506 320 loquamur,
536 247 613 312 dico,
642 246 666 301 si
696 247 891 318 supponimus,
923 263 971 301 sas
999 263 1054 302 non
1079 243 1136 301 alst

200 345 297 384 causas
318 325 415 381 habere
434 343 515 397 quam
534 326 691 398 posuimus,
718 344 783 391 nos,
804 325 949 382 intellectu
969 331 1065 382 nostro
1082 324 1136 381 tu

200 412 325 470 utentes,
348 408 404 467 uti,
427 413 541 461 metrum
561 407 693 461 habentes
711 407 837 462 veritatis
850 413 878 461 et
890 406 1038 470 falsitatis,
1058 407 1136 462 adn*

199 488 264 542 dum
284 486 364 542 facile
384 502 528 557 possumus
550 490 586 556 ¹),
607 505 747 560 nunquam
765 489 795 542 in
814 505 859 543 eas
878 488 1038 560 illapsurus.

234 566 319 627 Quod
338 583 402 621 vero
421 566 560 637 passiones
578 566 642 622 illae
661 585 716 622 non
735 567 804 623 alias
823 568 942 622 habeant
961 584 1075 633 caum,
1091 566 1136 638 js!

200 646 441 701 demonstrandum
469 646 538 707 erit:
567 663 622 718 qua
649 649 678 702 in
701 665 729 702 re
749 647 882 719 postulari
902 647 970 702 milri
990 646 1137 703 videtur!

200 743 249 780 nos
268 731 356 789 totos,
386 732 442 780 tam
461 724 534 796 quod
553 727 588 780 ad
607 742 705 798 corpus
723 745 805 798 quam
824 728 859 782 ad
879 731 1015 792 mentem,
1048 724 1136 782 exani-

200 822 310 870 nemus,
341 810 370 859 et
396 805 506 877 quidem
525 806 641 875 primum
661 808 852 869 ostendamus.
883 808 911 862 in
931 812 1033 863 natura
1050 816 1138 877 corp!

199 903 274 952 esse,
303 886 383 956 eujus
410 887 608 941 constitutione
639 893 667 941 et
693 887 847 942 actionibus
867 886 1020 943 afficiamur
1036 884 1138 959 ejusqui

199 968 285 1039 igitur
310 965 412 1022 conscii
436 967 541 1021 fiamus.
578 966 661 1025 Quod
681 984 713 1020 ea
732 966 765 1020 de
784 982 813 1021 re
832 967 963 1033 facimus,
992 968 1072 1039 quis,
1099 958 1136 1020 a!

199 1049 322 1103 actiones
349 1046 470 1116 corporis
498 1050 525 1099 et
552 1045 619 1116 quid
642 1045 715 1100 ab''
696 1065 730 1101 us
747 1048 878 1137 procedat
896 1046 1065 1109 viderimus,
1092 1042 1138 1117 pri⁴

200 1144 270 1181 mam
298 1126 524 1198 praecipuamque
551 1142 660 1180 causam
681 1128 800 1181 omnium
822 1128 918 1181 hatum
938 1126 1085 1182 affectuum
1101 1124 1136 1180 in·

199 1209 354 1271 veniemus,
384 1205 519 1277 simulque
546 1203 616 1260 illud
644 1223 698 1276 quo
727 1206 840 1261 affectus
866 1223 961 1261 omnes
981 1204 1068 1262 everti
1085 1216 1135 1277 po*

199 1290 264 1343 siut.
302 1287 383 1342 Unde
421 1291 559 1359 praeterea
595 1287 687 1341 videre
716 1288 864 1355 poterimus
900 1303 935 1340 an
960 1285 1012 1341 lucc
1043 1286 1136 1340 ration

200 1366 258 1422 fieri
277 1367 380 1437 possit;
401 1372 428 1421 et
446 1367 544 1422 deinde
564 1367 645 1421 etiam
666 1365 809 1438 loquemur
824 1366 858 1420 do
871 1382 963 1420 amore
977 1370 1135 1435 nostrassp!

199 1447 299 1503 Deum.

196 2013 261 2060 ambo
287 2012 346 2058 ab
341 2013 368 2059 ris
394 2029 435 2060 nos
459 2013 549 2060 liberari
565 2019 656 2072 queunt.
689 2012 765 2060 Tertia
781 2013 843 2072 sola,
868 2029 948 2074 nempe
965 2029 1017 2061 vera
1032 2010 1136 2099 cognitu,

197 2082 244 2129 lleri
261 2090 352 2143 posset,
368 2090 394 2130 ιιι
410 2085 438 2130 ab
455 2085 487 2130 eia
501 2100 543 2131 nos
560 2084 677 2143 liberaret,
694 2085 776 2144 absque
792 2103 832 2143 ea,
848 2085 882 2133 ιιι
890 2085 970 2133 demde
979 2070 1136 2141 adunatam

196 2152 318 2211 strabitur,
344 2155 480 2215 impossibile
504 2162 539 2202 est
558 2163 583 2203 ut
600 2157 660 2203 ab''
644 2172 673 2203 ms
688 2155 814 2204 liberemur.
846 2156 928 2203 Nonne
946 2157 989 2203 hoc
1006 2155 1061 2203 illud
1075 2158 1134 2223 sd!

195 2225 222 2270 de
239 2240 283 2283 quo
301 2226 404 2272 nonnulli
420 2227 470 2272 aliis
488 2226 528 2272 snb
544 2227 672 2274 nominibus
688 2233 775 2274 tantum
792 2227 915 2288 scripsere?
949 2227 1011 2276 Quis
1028 2227 1084 2274 enim
1096 2216 1135 2271 ιη’

196 2296 269 2352 videt,
293 2312 358 2358 quam
382 2297 496 2343 commode
520 2312 560 2357 per
583 2299 712 2357 opinionem
736 2304 841 2359 peccata,
866 2315 907 2360 per
922 2298 988 2349 fidam
1003 2298 1073 2359 legem
1088 2306 1134 2357 Μ

196 2372 287 2427 peccata
312 2367 455 2426 manifestat,
480 2373 502 2414 ct
525 2385 565 2429 per
582 2384 656 2416 veram
671 2369 823 2430 cognitionem
838 2370 935 2430 gratiam
950 2385 1008 2433 qnae
1023 2387 1037 2418 a
1052 2363 1134 2432 [ΜΗ

195 2453 237 2483 uos
253 2438 334 2485 liberat
350 2437 475 2498 intelligere
489 2439 615 2498 possimus?

228 2759 251 2815 1)
283 2757 403 2817 Intellige:
427 2758 515 2817 quantlo
531 2761 681 2820 cognitionem
698 2764 829 2823 profundam
846 2763 951 2813 tamnus
968 2765 1022 2812 boni
1038 2763 1126 2823 ιιιΙίψι
1165 2760 1171 2805 1'

195 2827 297 2874 veritatis
313 2835 335 2874 et
351 2829 471 2887 falsitatis5
497 2835 553 2877 tunc
568 2833 627 2878 enim
643 2832 779 2894 impossibile
795 2841 845 2894 ιιι,
869 2836 889 2882 ei
906 2837 1029 2896 subjectum
1044 2840 1125 2890 saw

195 2917 240 2960 quo
256 2901 371 2962 passiones
388 2903 491 2949 oriantur
500 2923 508 2962 ι
523 2904 561 2950 ubi
577 2905 636 2952 eninr
653 2905 760 2966 optimum
778 2907 932 2966 cognoscimus
948 2923 1020 2967 eoque
1034 2907 1124 2959 ιιιιιιιι,

189 2974 257 3038 pejus
271 2972 295 3018 in
311 2987 352 3019 nos
366 2973 488 3034 potentiam
504 2989 550 3021 nun
567 2975 640 3024 habet.
