2354 3412
531 133 606 192 ⁴54

111 316 176 354 vero
195 301 237 354 est
255 298 315 368 ipsa
332 295 462 367 perfectio
480 294 556 365 ejus,
581 311 727 368 perquam
746 301 774 352 et
793 297 835 352 sui
854 300 883 353 et
900 313 948 369 per
967 314 1068 353 eonse-

113 379 252 455 quentiam
271 377 391 432 omnium
411 375 525 430 aliarum
544 393 633 431 rerum
653 394 735 432 causa
754 382 804 433 est.

147 464 172 520 6.
207 459 283 514 Deus
302 455 376 512 aolus
394 459 436 510 est
455 471 538 510 cauea
550 456 638 525 prima
649 456 693 511 vel
706 457 854 528 incipiens,
876 459 917 514 uti
932 477 966 514 ex
980 476 1058 532 prae-

112 543 226 602 cedente
243 536 577 606 demonstratione‘patet.

147 622 173 682 7,
207 619 283 672 Deus
302 615 384 670 etiam
403 617 445 669 est
463 616 706 684 constipemus,
726 620 755 671 at
771 617 800 672 in
819 635 851 672 eo
864 621 973 674 tantum
987 618 1068 694 quot!

112 703 189 759 varia
217 697 350 770 producat
367 711 464 764 opera;
494 693 549 746 alio
568 694 647 749 modo
665 697 705 750 ita
723 694 909 770 dioiiuequit,
930 717 994 755 nam
1015 718 1069 756 ne·

114 784 185 840 mine
204 795 272 850 opus
291 774 372 830 hahet
390 773 424 828 ad
443 773 555 828 effectus
574 774 772 845 producendos.

149 943 174 998 8.
210 937 285 992 Deus
304 935 346 988 eet
363 947 447 988 causa
458 933 578 1000 crocina
596 949 688 988 eorum
707 949 777 1006 quae
796 935 904 990 infinita
922 939 951 991 et
963 937 1064 992 imma.

113 1019 209 1079 tabilia
228 1019 308 1078 sunt,
328 1016 357 1068 et
374 1029 443 1084 quae
459 1011 493 1065 ab
511 1029 543 1066 eo
561 1011 717 1068 immediate
736 1019 828 1070 ereata
848 1015 981 1079 dicimus;
1015 1014 1059 1071 sed

113 1118 196 1160 eausa
214 1100 349 1170 postrema
368 1095 425 1156 est,
444 1095 472 1146 et
489 1089 541 1146 hoe
556 1093 755 1163 quodammodo
768 1096 888 1151 omnium
902 1113 994 1151 rerum
1008 1096 1060 1152 sin·

112 1179 261 1256 gularium.

414 1486 538 1544 CAPUT
556 1487 759 1548 QUARTUM.

355 1664 394 1703 nn
411 1665 463 1705 men
480 1665 606 1709 aunone
624 1664 812 1706 unonseama.

147 1813 238 1869 Deum
265 1809 389 1865 omittere
410 1826 486 1879 posse
504 1811 533 1866 id
551 1812 623 1884 quod
642 1812 715 1882 agit,
745 1828 892 1882 negamus;
921 1813 997 1883 quod
1016 1811 1061 1867 de·

113 1889 325 1950 monstrabimus
343 1887 452 1960 quando
471 1889 505 1943 de
523 1892 574 1947 Dei
594 1891 841 1964 praedestinatione
859 1908 986 1961 agemus,
1014 1891 1061 1948 ubi

113 1973 288 2030 ostendemus
312 1967 402 2023 omnia
420 1972 572 2026 necessario
590 1988 608 2025 a
625 1971 715 2026 causis
734 1970 791 2024 suis
810 1971 936 2042 pendere.
977 1970 1061 2032 Quod

112 2055 195 2110 etiam
223 2052 425 2106 demonstretur
453 2068 487 2105 ex
510 2049 562 2106 Dei
580 2051 763 2122 perfectione,
791 2051 856 2122 quia
875 2054 952 2106 extra
972 2051 1060 2107 ullum

113 2134 228 2190 dubium
257 2133 315 2193 est,
345 2127 434 2182 Deum
455 2131 546 2186 omnia
564 2150 648 2205 aeque
668 2131 786 2203 perfecta
805 2131 909 2187 efficere
927 2150 1007 2204 posse
1025 2149 1058 2190 ac

113 2216 141 2271 in
161 2214 223 2269 idea
241 2210 300 2281 ejus
318 2212 449 2279 concepta
469 2215 548 2275 sunt:
568 2216 611 2278 et,
632 2212 674 2267 uti
693 2229 750 2276 res,
770 2229 839 2282 quae
858 2211 937 2266 abeo
950 2213 1059 2285 concipi

113 2296 245 2366 possunt,
266 2306 320 2344 non
343 2288 491 2360 perfectius
509 2293 616 2364 concipi
634 2292 740 2364 possint
758 2309 838 2362 quam
852 2291 910 2362 ipse
923 2310 956 2347 ea
969 2294 1061 2350 eonci-

114 2377 187 2446 piat‚
217 2372 257 2427 sic
278 2368 370 2424 omnia
388 2371 444 2423 tam
462 2371 579 2440 perfecte
597 2371 632 2426 ab
651 2390 682 2427 eo
701 2370 769 2426 effici
788 2375 919 2441 possunt,
950 2379 981 2426 ut
1000 2389 1060 2444 per·

113 2455 213 2510 tectius
239 2450 274 2506 ab
301 2467 334 2504 eo
361 2447 495 2518 proficisci
513 2456 658 2522 nequeant.
697 2450 817 2512 Quando
835 2454 927 2504 eutem
946 2452 1058 2508 conclu·

113 2535 204 2589 dimus
222 2531 311 2586 Deum
330 2527 455 2591 omittere
475 2546 529 2583 non
548 2531 668 2600 potuisse
687 2530 715 2585 id
735 2530 807 2602 quod
826 2530 898 2602 egit,
919 2531 971 2587 hoc
985 2533 1060 2587 deeo

114 2615 277 2670 affirmamus
295 2613 405 2682 propter
423 2608 483 2678 ejus
501 2611 708 2681 perfectionem,
729 2611 794 2682 quia
812 2611 841 2666 in
861 2610 919 2666 Deo
938 2611 968 2667 id
987 2612 1060 2686 quod

114 2696 173 2768 agit
200 2693 325 2749 omittere
343 2689 512 2761 imperfectio
530 2694 616 2757 esset,
644 2708 693 2747 nee
712 2692 851 2747 tamenin
870 2691 929 2747 Deo
948 2708 1060 2748 cansam
