2354 3412
570 127 625 182 146

123 283 195 338 serio
222 281 348 353 pendere.
384 284 418 340 In
437 283 547 338 irrisore
566 284 798 355 imperfectionem
817 287 984 352 ostendunt,
1005 285 1058 360 quio

121 361 207 424 illud,
227 363 272 418 eni
291 363 403 429 irridet,
423 365 478 418 tete
497 366 646 436 est„quod
666 367 723 421 sive
741 366 846 422 risibile
863 373 909 423 est
926 369 1054 428 sirenes-e
1093 362 1096 397 ²

123 441 145 497 si
165 459 219 496 non
239 445 297 504 est,
320 460 472 513 perversam
491 462 567 500 suem
586 449 711 499 naturam
729 447 866 510 ostendit.
890 447 1006 503 irrideus
1019 445 1055 503 oui

122 539 177 578 non
196 522 379 586 irridendum:
410 525 432 578 si
459 528 517 586 est,
545 526 667 580 ostendit
693 525 722 580 in
751 543 798 589 eo,
827 524 874 582 oui
902 527 1010 591 irridet,
1032 540 1056 581 κ

122 604 352 676 imperieotionem
371 606 508 676 quendem
526 606 633 667 videre.
653 623 734 677 quem
753 624 768 659 e
786 607 924 662 contrario
941 604 1054 662 nonim-

122 685 198 739 sione
216 685 263 739 sed
283 685 361 740 bonis
379 684 532 741 rationibus
551 685 685 754 oorrigere
703 683 793 739 debet.

157 924 240 985 Quod
266 924 322 994 jem
351 924 385 978 ed
414 924 511 980 Risum
539 924 655 989 attinet,
685 923 732 978 iile
751 924 860 978 nonnisi
879 924 913 978 ud
934 924 1052 980 hominen

123 1004 257 1073 pertinet,
287 1002 334 1074 qui
353 1003 457 1074 aliquid
478 1004 540 1058 boni
559 1004 587 1058 in
607 1021 635 1058 se
654 1003 862 1066 animadvertit;
885 1007 914 1058 et
932 1004 995 1076 quin
1011 1001 1054 1057 ise·

123 1083 201 1137 titiee
229 1085 361 1154 quaedem
390 1083 494 1154 speeies
521 1087 579 1147 est,
607 1082 641 1137 de
669 1099 700 1136 eo
729 1082 796 1137 nihii
823 1082 899 1138 eliud
923 1081 1053 1139 diosndon

124 1163 177 1218 nisi
202 1163 274 1234 quod
294 1163 327 1217 de
347 1162 454 1217 laetitio
469 1164 526 1231 jem
544 1162 647 1217 dietum
668 1168 717 1219 est.
753 1161 795 1218 De
814 1161 863 1217 ilio
882 1163 939 1218 risu
958 1163 1052 1235 loquor,

123 1244 171 1314 qni
200 1261 234 1297 ex
261 1243 323 1298 idea
352 1242 469 1314 quedem
488 1242 630 1313 provenit,
659 1243 794 1297 ridentem
812 1243 952 1298 exsitente
969 1242 1055 1314 etue

123 1323 197 1378 omni
218 1323 281 1378 boni
302 1321 421 1394 malique
440 1322 622 1394 eogitetione‚
642 1321 720 1377 nullo
738 1339 802 1377 vero
815 1321 896 1378 modo
907 1322 942 1378 de
954 1316 1055 1393 risoqd

123 1405 271 1476 spirituum
289 1408 365 1459 motu
384 1403 536 1468 excitetur,
557 1420 644 1476 nsque
663 1401 698 1457 ed
718 1402 818 1458 bonum
837 1401 972 1458 melnmve
987 1397 1059 1475 perd·

122 1488 184 1548 net;
205 1484 238 1538 de
257 1502 310 1556 quo
325 1483 383 1555 jem
402 1483 491 1539 dioere
510 1487 587 1539 extre
605 1486 729 1539 nostrum
748 1483 917 1554 propositum
937 1485 1001 1539 eret.

158 1721 200 1776 De
229 1720 357 1783 Invidia,
387 1719 448 1782 Ire,
477 1722 505 1773 et
523 1718 718 1790 Indignatione
737 1719 804 1774 nihii
824 1718 985 1782 dicendum,
1011 1713 1052 1773 niti

124 1805 156 1855 nt
174 1801 249 1856 iilius
268 1800 353 1855 simus
373 1817 503 1854 memores
522 1801 595 1872 qnod
614 1803 694 1854 entee
713 1799 746 1853 de
765 1799 827 1853 odio
846 1798 974 1855 diximus.

390 2116 516 2173 CAPUT
534 2115 806 2172 DUODEOIMUM.

294 2292 334 2331 on
352 2290 490 2340 morione,
510 2268 639 2339 nonoris,
659 2289 696 2327 un
714 2288 907 2331 rnrnonunm.

159 2437 255 2492 Honos
274 2436 407 2508 quaedem
420 2434 543 2489 loetitiae
557 2434 660 2503 speeies
672 2438 730 2498 est,
751 2450 831 2505 quem
845 2433 986 2505 quisquam
998 2430 1023 2486 iu
1032 2442 1052 2482 so

126 2517 242 2588 percipit
269 2515 316 2571 ubi
344 2519 405 2570 eote
433 2532 483 2570 sue
508 2516 542 2569 eb
562 2511 625 2568 eliis
643 2512 782 2567 aestimari
802 2511 964 2585 laudarique
980 2508 1052 2569 videt.

126 2596 231 2651 nullum
251 2594 358 2650 luorum
377 2593 480 2649 utileve
499 2591 718 2663 respioientibus.

160 2755 250 2811 Pudor
268 2753 400 2826 quaedem
419 2752 550 2808 tristitiae
568 2750 687 2823 speeies,
719 2768 789 2824 queo
808 2751 838 2807 in
856 2750 950 2823 aliquo
966 2747 1049 2806 enm.

125 2836 173 2908 qui
201 2835 277 2891 ridet
304 2834 425 2890 notiones
450 2850 513 2889 sues
532 2832 567 2888 eb
585 2831 648 2888 eliis
666 2830 787 2903 despioi,
815 2830 922 2887 nultum
942 2831 1052 2887 demus

125 2916 169 2971 vel
187 2915 388 2972 incommodum
406 2910 628 2984 respicientibus.
721 2940 725 2946 ·
1048 2926 1053 2941 ¹
