2354 3412
551 121 609 181 196

111 284 237 340 subeunt.
271 282 350 344 Quae
369 282 484 340 tristitia
501 287 630 341 pausatur
647 284 682 339 ab
700 299 791 339 amore
809 287 838 340 et
856 283 1034 354 unioneque

114 363 195 418 hahet
225 380 288 417 oum
316 379 435 434 eorpore.
471 364 532 420 Hoc
551 365 591 420 ita
608 383 682 430 esse,
712 363 792 420 facile
810 363 874 418 inde
893 362 1034 423 deduoitnr.

111 442 183 514 quod
208 442 338 498 tristitiae
357 443 404 499 isti
423 444 556 499 alterutro
574 445 670 500 horum
689 444 829 498 modorum
848 441 985 497 remediari
1000 454 1034 510 po

112 527 168 576 test
193 522 237 576 vel
256 523 279 578 I.
299 524 446 593 spirituum
464 526 494 579 in
512 526 627 596 priorem
647 526 759 578 formam
776 521 963 582 restitutione,
988 519 1035 573 ta

113 599 254 655 liberando
283 618 341 654 eam
370 601 405 655 ab
434 602 488 657 isto
507 603 614 666 dolore;
641 603 684 656 rel
703 603 743 659 ΙΙ.
765 601 843 657 bonis
862 594 1036 656 rationibuse‘

113 681 301 752 persuadendo
331 685 363 735 ut
382 698 493 753 eorpore
512 700 567 739 non
585 684 703 754 amplius
722 687 823 739 utatur.
859 683 980 743 Quorum
996 677 1036 750 pri·

114 778 202 824 mum,
223 778 272 832 pro
293 765 414 832 tempore
432 765 540 817 tantum
558 762 633 818 valet
651 769 679 817 et
697 762 815 832 relapsui
834 763 978 818 obnoxium
992 763 1037 820 aa

112 839 229 895 alterum
247 844 404 906 aeternum,
424 841 605 897 substantiale
624 845 652 896 et
670 841 839 897 immutabile
858 847 909 900 est.

150 1158 284 1213 Secundo:
307 1156 371 1228 quia
389 1157 513 1214 ridemus
533 1162 665 1222 mentem,
685 1175 848 1231 quamquam
867 1176 930 1215 eum
947 1171 1044 1230 corpore

118 1239 222 1292 nullam
251 1237 467 1292 communionem
496 1238 614 1303 habeat,
654 1237 756 1294 efficere
784 1244 876 1294 tamen
904 1256 995 1311 posse.
1020 1238 1045 1291 oi

115 1318 244 1388 spiritus,
273 1319 320 1388 qui
340 1317 368 1372 in
387 1335 469 1372 unam
488 1323 591 1389 partem
610 1336 669 1373 eam
688 1321 853 1383 movissent,
870 1318 928 1389 jam
946 1319 974 1375 in
990 1316 1045 1373 alta

117 1415 173 1451 ram
203 1415 261 1451 earn
290 1403 430 1461 moveant;
460 1415 543 1470 quare
571 1397 673 1453 effieere
701 1399 783 1452 etiam
811 1416 866 1453 non
894 1401 998 1470 posset,
1021 1394 1046 1453 a

117 1492 215 1547 eorpus
245 1478 355 1532 omnino
383 1479 474 1550 quiete
500 1495 528 1533 se
547 1478 649 1533 habens
669 1495 697 1533 se
716 1495 822 1532 movere
841 1477 991 1550 inciperet?
1014 1472 1046 1537 ilfi¹

122 1559 203 1611 etiam
232 1575 314 1629 quare
343 1575 393 1614 neo
417 1557 472 1613 alia
491 1559 573 1613 etiam
592 1574 704 1628 corpora
723 1562 826 1613 motum
841 1558 900 1628 jam
918 1556 1046 1619 habentia,

117 1655 224 1691 movere
251 1644 342 1708 posset
359 1655 488 1709 quorsum
507 1637 592 1692 velit?

156 1718 201 1772 Ad
222 1719 294 1788 quod
313 1718 391 1772 nobis
411 1716 569 1781 dicendum,
590 1716 837 1788 ejusmemoribus,
858 1713 1049 1789 quodanteadt

118 1813 146 1850 re
161 1799 299 1868 cogitante
313 1798 448 1860 diximus,
463 1796 650 1852 difficultatem
664 1796 739 1850 illam
752 1796 898 1852 admodum
911 1798 990 1853 facile
1000 1793 1050 1852 effi

121 1895 209 1948 posse.
249 1877 412 1933 Dicebamus
440 1886 512 1933 enim
532 1883 675 1941 naturam,
701 1878 753 1931 etsi
771 1878 847 1931 varia
866 1877 1050 1932 attributaha·

118 1958 196 2023 beat,
216 1976 300 2012 unum
315 1963 405 2013 tamen
419 1976 466 2013 eus
480 1976 537 2013 esse
548 1960 585 2027 ¹),
605 1958 639 2013 de
651 1973 705 2028 quo
718 1958 809 2012 omnia
822 1956 921 2014 haeooe
933 1957 1052 2012 attributi

116 2436 191 2488 tatur,
216 2430 323 2489 oadatqna
347 2429 371 2476 in
396 2429 456 2477 aliud
480 2427 533 2488 quid
549 2442 593 2487 quo
608 2428 735 2476 intellectus
750 2426 820 2487 magia
835 2431 987 2476 contentatur.
1015 2425 1059 2481 Hm

118 2516 170 2546 vero
195 2500 322 2547 immediata
339 2500 399 2549 aetio
415 2500 462 2547 vini
478 2500 501 2546 iu
517 2505 613 2546 mentem
628 2514 676 2546 esse
691 2497 779 2557 nequit,
803 2502 825 2545 at
841 2499 933 2546 nonani
948 2498 1006 2546 aetio
1020 2492 1057 2544 nri

116 2573 140 2618 in
157 2573 249 2632 spiritus
266 2578 308 2620 est.

152 2710 177 2766 1)
193 2707 263 2754 Nulla
280 2707 350 2769 igitur
365 2708 481 2756 difficultas
496 2713 546 2768 est,
562 2708 672 2769 quomodo
688 2723 746 2755 unus
762 2708 901 2767 illomodua‚
918 2709 1060 2768 quinorum

123 2778 211 2826 infinite
228 2779 316 2836 differt,
332 2780 356 2826 in
372 2782 443 2827 altero
461 2785 577 2841 operetur;
593 2784 698 2840 tanquam
715 2780 786 2827 totius
802 2795 881 2840 nempe
896 2795 949 2841 para
959 2785 1003 2840 est,
1017 2773 1060 2836 qli!

125 2864 189 2895 mena
209 2864 323 2907 nunquam
339 2850 387 2896 sine
403 2865 508 2910 corpore,
525 2865 565 2896 nau
581 2865 661 2910 corpus
680 2851 727 2898 sins
744 2858 829 2909 menta,
846 2851 897 2899 suit.
1082 2850 1084 2857 '

154 2920 245 2966 Clarum
271 2921 330 2967 enirn
354 2928 388 2968 est
412 2922 436 2967 in
461 2923 560 2979 homine,
586 2936 636 2968 eum
660 2938 707 2969 esse
730 2922 850 2983 inceperit,
872 2923 934 2970 nulla
950 2905 1061 2989 aliudffi

124 2991 236 3038 attributa
252 2991 296 3038 nisi
311 3007 368 3050 quas
384 3000 449 3040 antea
466 2999 530 3039 arant
546 2993 569 3040 in
585 3003 679 3054 natura5
695 3001 717 3042 et
731 2996 953 3058 quiastalioorpora
970 2990 1062 3042 eorrir'dt
