2354 3412
637 116 677 173 64

220 281 244 335 1.
263 277 352 332 Deum
371 277 496 332 omittere
515 295 570 333 non
588 292 667 347 posse
685 291 765 345 agere
784 273 856 345 quod
870 272 942 345 agit,
964 291 1061 345 nempe
1074 291 1132 329 orn-

184 359 304 415 nietam
324 357 444 428 perfecta
462 373 567 412 creasse
587 361 618 410 nt
637 355 797 426 perfectiora
816 373 874 410 esse
893 359 1039 426 nequeant.
1076 357 1112 413 nt

219 518 244 573 2.
274 514 387 570 Nullam
405 533 462 569 rem
481 516 539 570 sine
558 533 590 569 eo
609 532 658 570 neo
677 514 793 570 existere
812 531 862 570 neo
882 514 989 585 concipi
1008 532 1097 586 posse.

217 673 280 727 Jam
299 672 482 744 quaerendum
508 676 566 738 ast,
586 689 652 726 num
670 672 699 726 in
718 673 817 726 natura
835 672 967 743 quaedam
987 672 1125 745 possibilia

183 753 239 808 sint
267 753 284 806 i.
312 771 335 808 e.
354 752 420 806 talia
438 769 508 824 quae
527 756 555 806 et
573 752 630 807 fieri
649 755 677 804 et
696 751 778 804 etiam
797 768 851 805 non
870 752 928 805 fieri
948 753 1069 822 possint,
1099 757 1125 808 et

185 850 282 904 porro,
303 850 368 887 num
387 831 479 903 aliqua
499 849 542 886 res
561 832 597 885 sit
616 831 649 884 de
668 847 722 902 qua
740 848 834 902 rogare
854 831 989 901 possimus
1008 850 1043 885 an
1062 832 1115 887 sitt

216 991 316 1048 Nullas
335 1008 378 1046 res
396 988 539 1061 possibiles
558 1006 631 1052 esse,
653 989 702 1043 hao
721 989 826 1043 ratione
839 988 1072 1045 demonstramus:

214 1070 331 1142 Aliquid
349 1069 421 1142 quod
440 1086 549 1125 oausam
568 1068 674 1124 essendi
694 1085 749 1122 non
769 1067 865 1130 habet,
887 1068 1056 1139 impossibile
1071 1074 1121 1125 est.

183 1151 298 1223 Aliquid
317 1151 390 1223 quod
409 1148 537 1220 possibile
556 1152 598 1203 est
616 1165 725 1204 oausam
744 1165 799 1202 non
818 1146 913 1202 habet⁸¹
930 1146 1004 1218 Ergo
1018 1178 1051 1189 -

214 1390 336 1445 Primum
361 1391 438 1442 extra
457 1404 535 1441 omne
554 1385 667 1440 dubium
686 1389 737 1439 est.
782 1385 936 1439 Secundum
956 1383 995 1439 sio
1014 1383 1125 1439 demon-

181 1474 316 1526 stramus:
343 1467 371 1522 Si
391 1467 512 1539 aliquid,
533 1465 604 1538 quod
624 1463 752 1537 possibile
771 1469 826 1528 est,
847 1480 955 1519 oausam
975 1463 1057 1518 habet
1069 1480 1125 1519 oer-

182 1555 238 1605 tam
258 1554 286 1603 et
304 1547 512 1602 determinatam
532 1551 563 1600 ut
581 1547 632 1610 sit,
662 1544 813 1598 necessario
833 1543 869 1597 sit
890 1547 1005 1614 oportet.
1041 1543 1126 1602 Quod

179 1632 272 1684 autem
290 1627 394 1699 aliquid
412 1632 439 1682 et
456 1625 585 1697 possibile
603 1629 628 1679 et
646 1624 828 1679 necessarium
842 1628 928 1687 esset,
950 1641 1042 1679 seeum
1056 1641 1124 1696 pug-

181 1713 236 1765 nat.
273 1708 346 1778 Ergo
360 1737 397 1748 —

214 1941 343 1998 Fortasse
368 1941 468 2013 aliquis
492 1941 580 2003 diuet,
610 1939 746 2012 quoddam
765 1939 894 2010 possibile
914 1940 1122 1996 determinatam

181 2028 209 2077 et
236 2029 337 2078 certam
356 2022 465 2093 quidem
485 2038 539 2076 non
558 2021 656 2075 habere
676 2037 803 2083 oausam,
824 2025 852 2073 at
871 2036 934 2073 vero
953 2019 1121 2090 possibilem.

179 2103 224 2157 Ad
253 2104 325 2175 quod
353 2101 516 2172 respondeo:
545 2101 595 2156 hoo
627 2099 712 2170 igitur
737 2117 794 2153 esse
813 2099 911 2154 debere
929 2100 974 2154 vel
992 2100 1021 2154 in
1041 2118 1124 2156 sensu

179 2183 283 2246 diviso,
313 2182 357 2236 vel
382 2182 410 2237 in
436 2199 517 2236 sensu
542 2181 691 2252 composito
715 2182 732 2238 i.
751 2199 775 2235 e.
810 2181 853 2235 vel
883 2181 954 2253 quod
974 2183 1123 2237 existentia

180 2264 239 2334 ejus
257 2281 370 2324 causae,
401 2279 456 2316 non
474 2265 604 2334 tanquam
623 2279 716 2323 eausa,
747 2261 884 2332 possibilis
904 2263 954 2324 siu
984 2262 1027 2315 vel
1047 2262 1121 2334 quod

178 2342 307 2416 possibile
327 2343 379 2406 sit,
404 2341 476 2413 quod
495 2341 599 2413 aliquid
618 2341 646 2395 in
666 2345 764 2395 natura
777 2343 958 2397 necessarium
973 2359 1056 2398 eausa
1069 2344 1122 2399 erit
1142 2358 1145 2363 ⁴

177 2425 250 2494 quod
278 2420 406 2493 possibile
437 2421 519 2476 hoooe
545 2419 719 2492 producatur.
766 2423 818 2479 Sed
846 2429 992 2496 utrumque
1020 2426 1120 2480 falsum

178 2506 236 2566 est;
266 2520 343 2564 nam,
373 2501 445 2572 quod
470 2501 504 2555 ad
525 2503 646 2572 primam.
677 2501 700 2556 si
725 2502 854 2573 possibile
880 2503 950 2558 illud
976 2509 1120 2575 propterea

178 2581 308 2654 possibile
327 2584 384 2645 est,
403 2581 475 2653 quod
496 2598 578 2637 eausa
596 2582 655 2653 ejus
674 2582 827 2653 possibilis,
857 2600 939 2638 eausa
958 2587 1041 2639 etiam
1060 2603 1120 2656 pos·

178 2662 265 2716 sibilis
279 2679 336 2715 essa
350 2659 440 2721 debet,
461 2660 525 2732 quia
538 2678 633 2726 eausa,
654 2679 723 2733 quae
736 2680 795 2716 eam
808 2665 948 2726 caesarii,
963 2665 1045 2718 etiam
1058 2682 1120 2735 pos·

178 2741 267 2797 sibilis
285 2746 343 2805 eat,
364 2741 449 2796 etsie
469 2742 498 2795 in
518 2742 663 2798 infinitum.
699 2741 737 2796 nt
754 2742 889 2814 quiajam
910 2746 991 2798 antea
1009 2745 1120 2799 demon·
