2354 3412
555 92 613 150 1uo

110 272 162 312 noe
190 256 248 310 sine
276 271 308 309 eo
336 269 387 309 nec
415 251 531 308 existere
559 269 609 308 neo
627 253 735 325 concipi
754 269 850 324 posse,
877 255 907 305 et
926 249 977 306 hoo
994 248 1054 306 ides

110 337 154 400 ht,
175 334 247 407 quod
267 332 346 390 illum
366 332 421 403 (uti
439 334 544 403 cetera)
563 333 640 388 nulla
657 333 712 389 alia
730 349 759 387 re
777 348 858 404 quam
883 347 914 386 ao
932 328 993 401 ipso
1010 344 1051 388 oo·

110 431 288 487 gnoscamus,
310 417 338 468 et
356 429 519 484 cognoscere
537 412 700 478 debeamus,
719 417 747 467 et
759 412 845 482 igitur
857 410 946 465 multo
960 408 1066 466 melius-¹

111 512 193 567 quam
212 511 262 549 nos
280 495 354 565 ipsos
372 492 570 565 cognoscimus.

148 729 192 785 Ex
219 747 250 785 eo
275 730 348 802 quod
376 728 517 800 hucusque
543 727 664 784 diximus
691 728 770 784 facile
789 727 981 784 deducendum
999 731 1054 789 est.

112 826 248 880 quaenam
268 809 430 880 praecipuae
448 809 607 879 passionum
625 825 723 864 causae
742 809 805 866 sint.
830 807 914 869 Quod
932 807 1006 862 enim
1023 804 1056 863 ad
1090 842 1094 856 ι

113 905 212 959 corpus
230 905 292 944 cum
311 888 466 945 actionibus
485 888 560 960 ejus,
580 892 656 942 motu
674 891 704 943 et
720 887 828 960 quiete,
848 886 963 951 attinet,
985 899 1056 943 merr-

113 968 136 1022 ti
160 967 230 1023 nihil
257 967 333 1022 eliud
361 967 465 1023 afficere
483 973 615 1039 possunt,
645 968 697 1023 nisi
716 966 789 1039 quod
807 985 836 1021 se
854 971 995 1038 umquam
1011 965 1057 1022 ob-

111 1047 187 1118 jecta
216 1045 258 1102 illi
283 1048 466 1118 patefaciant:
496 1051 525 1102 et
547 1046 695 1102 secuudum
721 1046 969 1102 demonstrationes
991 1061 1069 1119 ques·

114 1126 157 1183 illi
175 1125 306 1182 exhibent
324 1146 372 1183 seu
384 1127 468 1182 bonas
481 1146 529 1183 seu
542 1125 628 1182 malas
643 1130 686 1196 ¹),
706 1143 781 1182 mens
791 1126 872 1180 etiam
887 1125 991 1181 abillis
1004 1125 1058 1182 effi·

115 1207 203 1271 citur,
224 1225 311 1279 neque
331 1207 382 1262 hoc
399 1207 490 1278 quoad
508 1224 607 1278 corpus
625 1208 705 1274 (tuuc
717 1205 789 1260 enim
802 1221 901 1277 corpus
914 1205 1058 1277 praecipue

115 1292 187 1342 esset
205 1287 362 1358 passionum
380 1289 489 1356 causa),
515 1287 561 1341 sed
584 1285 673 1357 quoad
696 1283 832 1355 objectum
857 1283 908 1348 sit,
928 1290 1057 1357 tauquam

114 1370 205 1422 cetera
233 1367 324 1421 omnia
351 1384 421 1438 quae
440 1365 549 1421 eosdem
567 1364 679 1420 effectus
698 1364 795 1419 habere
815 1368 942 1435 possent,
973 1364 1055 1420 sieo·

115 1445 176 1500 dem
205 1445 285 1500 modo
313 1446 398 1501 menti
426 1463 454 1500 se
487 1445 654 1501 exhiberent.
693 1447 757 1506 Quo
775 1444 865 1500 dicere
884 1449 978 1502 tamea
996 1443 1057 1500 uolo

147 1894 170 1952 1)
203 1891 328 1939 Quaerenti
352 1891 410 1939 unde
425 1891 543 1954 procedat,
569 1891 628 1952 quod
644 1907 712 1940 unum
728 1891 811 1940 bonum
826 1893 966 1955 alterumque
981 1897 1056 1945 malam

115 1961 293 2024 cognoscamusl
311 1963 446 2022 respondeo:
463 1963 515 2022 quia
531 1962 687 2024 objectarent
703 1977 759 2022 quae
774 1978 798 2009 se
813 1961 937 2024 ipsauobis
945 1965 1055 2025 exhibent,

114 2031 143 2080 ab
168 2048 213 2079 uno
236 2032 302 2080 aliter
326 2048 392 2095 quam
407 2032 436 2081 ab
452 2035 523 2082 altero
540 2035 660 2092 afficimur;
684 2048 711 2080 ea
725 2032 796 2092 igitur
810 2048 824 2080 a
840 2034 920 2094 quibus
936 2037 1056 2098 permodice

114 2103 224 2152 afficimur
240 2103 370 2163 (seeundum
386 2109 460 2152 motus
476 2104 601 2165 quietisque
617 2103 850 2167 proportionalitatem
866 2121 911 2166 que
927 2109 1059 2167 consistunt)

114 2180 219 2236 pergrata
241 2173 306 2221 nobis
329 2180 389 2222 sunt.
421 2173 487 2223 Unde
510 2176 596 2224 varium
620 2191 697 2224 sensus
712 2190 794 2236 genus,
818 2177 878 2236 quod
894 2179 919 2225 iu
934 2180 1000 2228 nobis
1014 2195 1057 2244 per·

114 2245 223 2306 cipimus,
256 2245 418 2303 deducendum,
443 2247 545 2306 quodque
567 2263 633 2308 quam
656 2247 775 2308 plurimum
798 2247 827 2294 ab
843 2248 936 2308 objectis
952 2251 1060 2312 corporeis

115 2318 140 2364 iu
159 2332 254 2376 corpore
271 2323 350 2364 nostro
365 2318 484 2377 agentibus
500 2332 600 2378 quaeque
615 2319 734 2378 impulsum
751 2332 866 2376 vocemus,
890 2321 1005 2380 procedit,
1028 2321 1059 2370 uti

116 2385 175 2447 quod
197 2388 222 2434 iu
247 2385 341 2433 tristitia
366 2387 461 2448 aliquem
486 2389 569 2446 ridere,
594 2389 730 2449 hilaremque
746 2388 836 2436 reddere
851 2405 970 2450 possumus
986 2393 1059 2442 titille-

116 2457 190 2514 tione,
214 2456 289 2504 viuum
305 2457 413 2516 bibendo,
438 2464 480 2506 etc.
497 2459 555 2519 quod
571 2474 634 2506 rneus
649 2459 737 2518 quidem
753 2460 860 2523 percipit,
877 2477 918 2508 nec
934 2479 987 2510 sero
1003 2466 1059 2526 agit3

116 2529 156 2576 illa
181 2529 240 2576 euim
263 2529 345 2589 agente
359 2529 484 2578 hilaritates
499 2533 547 2591 eius
562 2530 620 2578 alins
636 2529 728 2576 omnino
744 2531 832 2590 geneth
848 2538 915 2591 sunt;
941 2539 989 2581 tum
1004 2535 1059 2583 anim

116 2615 163 2647 non
186 2614 268 2660 corpus
290 2599 314 2646 in
338 2614 432 2661 corpore
455 2601 514 2661 agit,
539 2602 578 2649 aed
598 2617 660 2649 mens
675 2601 833 2650 intellectualis
849 2618 943 2665 corpore
958 2611 1061 2667 tauquam

116 2673 264 2787 imtgumento
281 2669 365 2728 utitur,
381 2676 404 2718 et
420 2687 465 2730 quo
480 2672 551 2733 magis
566 2688 629 2720 meus
646 2674 670 2720 io
686 2688 713 2720 eo
727 2679 790 2735 agat,
807 2690 835 2721 eo
850 2676 971 2736 perfectior
985 2694 1061 2727 seneus

116 2757 157 2789 era
172 2740 199 2788 it.

4 2940 119 3184 l.
