2354 3412
553 137 611 195 140

146 297 169 352 si
197 313 272 352 mens
294 313 349 351 rem
368 297 503 369 quandam
523 298 626 355 efficere
644 298 821 366 deliberavit,
854 317 925 372 quae
943 299 1075 359 difficile

109 375 242 440 efficitur,
260 377 381 432 Audacia
399 384 522 439 vocatur.

147 446 176 502 si
204 464 269 502 vero
287 465 362 502 mens
381 466 437 503 rem
455 448 575 520 aliquam
594 466 674 521 agere
692 449 869 513 deliberavit,
898 450 963 523 quia
979 450 1075 509 sliu

108 525 165 597 jara
184 530 266 658 anltea
283 527 358 582 illam
377 528 450 601 egit,
480 530 525 585 oui
545 528 613 584 bene
631 529 738 595 evenit,
757 530 957 586 demutationem
973 547 1075 588 veen.-

110 622 181 659 mus.
236 622 296 660 erro

147 684 195 739 ubi
223 685 322 757 aliquis
350 686 419 752 soit,
446 685 512 759 quid
541 685 690 742 deliberare
710 686 808 742 debeat
826 688 860 743 ad
880 705 936 744 rem
956 689 1072 745 bouem

111 763 320 836 promovendam
347 763 391 818 vel
420 763 517 820 malam
542 765 759 839 impediendam,
786 785 874 841 neque
892 771 983 825 umen
1000 768 1068 824 hoo

111 844 209 910 iaciat,
229 844 438 899 Pusilloaiooitar
455 848 576 902 vocatur.

146 925 226 987 Quae
244 923 292 979 ubi
310 925 390 980 valde
409 942 506 996 magua
525 933 567 980 est
589 925 763 981 Oooatmmtc‘o
781 927 893 982 dicitur.

29 1074 32 1078 Ι
147 1005 220 1060 Oura
239 1003 371 1075 alicujus,
392 1007 423 1058 ut
440 1003 489 1058 illo
508 1005 580 1076 quod
599 1008 763 1079 acquisitum
782 1011 840 1073 ost,
860 1006 936 1062 solus
948 1007 1054 1062 fruatur

5 1131 8 1139 .
112 1083 218 1155 sibique
237 1082 356 1138 utillud
375 1088 517 1140 conservet
535 1087 644 1141 Iooidio
661 1086 772 1142 dicitur.

148 1487 222 1548 Quia
240 1486 319 1541 uobis
333 1479 427 1542 notum
440 1490 498 1552 est,
518 1486 590 1542 unde
605 1487 654 1542 hac
666 1489 806 1561 passiones
819 1488 958 1552 oriantur,
976 1483 1041 1542 nobis

113 1567 259 1623 admodum
287 1566 367 1623 facile
394 1567 447 1622 erit
474 1567 659 1622 demonstrare
684 1585 816 1641 quaenam
836 1584 930 1622 earum
950 1567 1039 1625 bono.

111 1665 245 1722 quaenam
263 1647 350 1703 melae
370 1649 434 1704 sint.

148 1727 230 1788 Quod
249 1727 283 1781 ad
303 1726 398 1798 Spem,
427 1727 549 1790 Motum,
570 1725 766 1791 Securitatem,
786 1726 1006 1797 Desperationem
1020 1723 1041 1775 ct

113 1808 251 1863 Invidiam
269 1807 385 1867 attinet,
406 1812 509 1861 certum
529 1812 588 1870 est,
608 1823 706 1860 essex
725 1805 795 1860 mala
815 1806 945 1876 opinione
962 1801 1039 1860 need:

113 1887 154 1941 uti
174 1887 246 1940 enim
264 1891 346 1940 antea
365 1886 626 1950 demonstravimus,
647 1902 739 1940 omnes
758 1903 800 1940 res
814 1885 979 1942 necessarias
991 1893 1041 1938 suas

112 1983 210 2022 causas
230 1965 344 2030 habere,
365 1965 404 2021 sio
423 1969 451 2019 et
469 1982 578 2019 necesse
597 1968 638 2019 est
656 1982 701 2019 eas
715 1965 867 2020 necessario
881 1966 921 2019 ita
933 1963 1003 2028 fiori,
1018 1959 1041 2012 ul

112 2047 194 2108 liant;
224 2052 251 2100 et
279 2062 441 2117 quamquam
460 2044 592 2100 securitas
610 2044 816 2114 desperatioque
835 2042 987 2099 inviolabili
1003 2037 1042 2096 illo

113 2125 141 2181 in
169 2125 264 2180 ordine
287 2124 409 2195 serieque
427 2140 570 2178 causarum
589 2122 677 2178 locum
696 2122 794 2178 habere
812 2123 943 2178 videntur
961 2131 1041 2177 eutow

112 2206 291 2268 constituere,
320 2203 449 2271 (veritate
473 2203 540 2258 bene
566 2205 718 2274 perspecta)
737 2201 832 2274 procul
850 2207 944 2259 tamen
962 2200 1040 2257 abest,

112 2286 177 2358 quia
195 2301 333 2357 nunquam
353 2283 485 2338 securitas
497 2281 542 2336 vel
554 2283 706 2353 desperatio
719 2283 796 2338 adest
808 2321 817 2347 ,
835 2283 889 2338 nisi
903 2288 981 2339 antea
993 2291 1041 2352 apel

112 2369 254 2436 metusque
281 2363 393 2435 (quippe
411 2380 426 2416 e
444 2361 544 2433 quibus
562 2363 693 2434 originem
712 2363 827 2432 ducant)
846 2362 979 2425 adfuerit;
1005 2351 1040 2413 ubl

112 2445 184 2499 enim
212 2443 327 2516 eliquia,
359 2441 429 2497 illud
463 2441 535 2512 quod
563 2441 652 2497 adhuc
671 2446 812 2512 expectat,
843 2442 944 2498 bouum
962 2437 1040 2496 duait,

111 2525 187 2579 illam
216 2524 315 2580 mentis
334 2522 558 2579 constitutionem
583 2522 753 2594 assequitur,
783 2539 864 2594 quam
885 2540 959 2594 spem
976 2530 1041 2575 root·

113 2620 188 2667 mus;
212 2610 294 2676 atque
313 2603 359 2658 ubi
378 2602 479 2657 bonum
497 2601 567 2656 illud
586 2606 770 2672 praesumtum
788 2602 929 2673 acquirere
946 2606 1041 2657 securll

110 2687 169 2748 est,
204 2683 280 2740 illam
314 2682 540 2753 tranquillitatem
574 2698 650 2736 mens
682 2681 742 2752 ejus
774 2681 944 2737 nanciscitur
974 2686 1040 2751 qna!

113 2763 286 2819 securitatem
315 2780 453 2820 vocamus.
489 2760 572 2823 Quod
599 2778 664 2816 vero
691 2761 725 2816 de
755 2761 910 2818 decoritate
939 2759 1039 2816 dicimo
