2354 3412
584 136 642 194 108
696 169 697 172 =

141 291 239 356 nendi,
259 292 317 348 sive
336 295 381 362 (ut
399 292 447 350 alii
465 293 573 361 dieunt)
591 281 634 350 r'ea
653 297 831 353 oonserrandi
850 298 950 371 quitus
959 299 1058 371 munim

140 371 213 427 imur
228 373 265 443 ¹);
285 377 390 428 eertum
409 377 451 429 eat
469 374 498 430 in
516 375 624 430 nemine
642 374 719 430 iliam
738 380 872 448 repertam
892 378 927 434 iri
947 377 1058 435 neonnsd

140 469 219 524 posse
250 452 304 507 nisi
322 454 409 508 forma
429 453 500 511 boni.
535 453 582 510 Ita
600 460 632 510 ut
649 459 758 526 pateat,
787 457 968 528 cupiditatem
984 457 1058 528 (ntis

140 548 276 598 amorem,
294 533 328 588 de
346 551 401 605 quo
418 537 500 589 antea
512 533 617 591 dietum
630 537 685 603 eat)
698 553 713 589 e
726 535 816 606 priore
828 537 993 606 cognitionis
1004 534 1058 592 mod

140 611 217 667 oriri.
250 613 339 669 Homo
367 612 440 668 enim
467 613 501 668 de
528 631 557 668 re
581 615 696 687 quadam
716 614 831 669 audiena
850 615 922 687 quod
942 615 1011 672 bona
1026 614 1058 673 sit

140 694 293 766 appetitum
312 695 341 749 in
360 711 418 749 eam
438 695 623 757 nancisoitur;
643 695 686 750 nti
702 698 780 767 patet
796 695 826 749 in
844 699 1017 768 aegrotante,
1032 711 1058 769 qu

140 775 199 830 solo
225 775 323 831 auditu
342 774 456 841 mediet,
485 775 541 831 tale
558 773 694 848 quoddam
713 773 861 828 remedium
881 775 954 830 maio
971 772 1058 832 auoit

141 872 206 910 num
234 872 309 921 esse,
338 855 414 912 iilioo
441 856 471 912 in
488 855 558 911 iliud
577 855 693 911 inolinat
711 861 740 911 et
758 856 911 928 eupiditate
928 859 987 930 ejus
1004 853 1058 916 eud

140 937 196 990 tur.
234 935 379 1007 Cupiditas
404 935 486 991 etiam
505 952 538 990 ex
557 937 725 1007 experientia
742 937 845 1002 oritur,
868 938 909 993 uti
929 935 1058 995 videtmi

141 1015 306 1073 medicorum
326 1017 538 1084 exercitatione,
565 1018 626 1090 qui,
659 1017 808 1073 remedium
827 1017 964 1090 quoddam
982 1017 1058 1090 aliquo

140 1096 193 1152 ties
212 1095 312 1152 bonum
325 1096 446 1168 experti,
467 1097 497 1152 in
509 1095 579 1151 iilud
587 1135 597 1163 ,
617 1102 748 1168 tanquam
761 1095 908 1153 infallibile
920 1098 1058 1171 perfugiunt

122 1552 124 1555 ,
177 1494 278 1550 Omnia
295 1511 365 1566 quae
379 1495 437 1565 jam
455 1493 489 1549 de
502 1493 576 1549 hisoe
589 1491 762 1566 passionibus
775 1491 909 1559 diximus,
931 1494 972 1550 uti
985 1493 1058 1567 ouiqo

140 1579 231 1649 patet,
264 1575 297 1630 de
316 1575 379 1630 aliis
397 1575 569 1646 passionibus
588 1575 670 1630 etiam
689 1574 744 1631 diei
764 1578 879 1646 queunt.
918 1573 956 1630 Et
973 1575 1034 1647 quia
1046 1571 1058 1629 i

141 1655 318 1728 sequentibus
342 1654 510 1726 inquiremus
535 1671 668 1726 quaenam
687 1670 780 1708 earum
799 1652 878 1708 nobis
894 1652 1058 1710 irrationatea

138 1753 271 1811 quaenam
290 1755 306 1791 e
323 1737 461 1792 contrario
479 1735 626 1791 rationales
646 1735 717 1800 sint,
748 1734 792 1791 hio
807 1735 865 1805 jam
884 1735 1056 1791 consistamus

140 1819 221 1873 finem
239 1816 371 1873 iacientes
389 1833 480 1871 earum
500 1833 569 1888 quae
588 1833 621 1870 ex
640 1815 767 1887 opinione
786 1816 924 1879 oriuntur,

170 2213 193 2270 1)
209 2210 276 2258 Prior
290 2210 390 2258 definitio
406 2210 492 2271 optima
497 2229 505 2268 3
528 2207 617 2269 quando
633 2207 693 2255 enim
709 2223 735 2255 re
750 2207 857 2266 fruimur,
882 2206 992 2269 cupiditas
1007 2211 1058 2254 num

137 2280 232 2340 desinit3
248 2286 343 2342 atquae
359 2287 413 2329 tuno
429 2281 453 2328 in
469 2279 534 2327 nobis
551 2284 585 2327 eat
600 2279 736 2327 formarem
752 2278 899 2327 conservandi
914 2293 962 2326 non
977 2276 1058 2340 onpiditt

138 2353 174 2401 aad
191 2361 263 2400 metus
279 2359 313 2400 eat
329 2367 375 2400 rem
391 2356 487 2399 amatam
502 2350 628 2398 amittendi.
