2354 3412
557 114 614 172 142

111 276 147 330 do
175 274 372 346 Desperationa
391 275 472 331 stiam
491 276 648 332 dicandum.
687 277 823 332 Neutrum
842 279 934 330 sutum
951 275 1039 347 (monn

111 355 177 411 dum
205 354 278 427 quod
306 354 339 409 da
366 372 457 409 amora
485 355 617 424 diximus)
647 357 676 411 in
706 355 814 410 homine
833 353 952 425 perfeeto
969 351 1039 406 loom

114 435 214 490 habers
232 438 338 506 potant,
367 435 432 506 quia
449 451 492 489 rss
510 439 670 506 supponunt
686 434 786 506 quibus
805 432 931 488 mutabili
949 448 994 486 sua
1007 440 1041 484 s}

115 519 179 569 tura
198 513 252 579 (uti
270 514 299 568 in
319 514 419 568 amoris
437 513 594 568 delinitione
612 513 846 584 observavimus),
867 514 912 569 nui
925 511 1043 583 sutjsoas

116 600 199 655 sunt,
225 610 279 648 non
307 593 467 655 adhaerere,
497 610 548 648 nso
575 594 675 665 quibus
703 593 758 662 (uti
782 593 812 648 in
830 592 887 647 odii
906 590 1044 646 definitioni

118 675 334 728 demonstratum
361 675 416 740 ost)
433 673 551 728 avorsari
570 673 714 734 debomns;
744 673 789 729 oni
809 671 967 727 adhaesioni
982 682 1044 725 asas-

114 751 242 888 tioniqps
271 753 350 809 homo
377 759 468 808 tumen
497 752 570 809 nisos
589 753 760 824 passionibus
778 752 926 815 obnoxius,
956 747 1043 819 subies

131 849 163 888 ns
180 849 232 886 ss.
1030 859 1033 864 ·

155 1069 240 1132 Quod
257 1069 314 1140 jam
333 1069 610 1132 adnuntiationem,
631 1069 886 1140 pusillanimitatem
904 1072 933 1123 at
944 1071 1047 1124 onustor-

121 1151 260 1205 nationem
288 1149 403 1214 attinet,
433 1151 483 1204 hus
507 1151 566 1221 ipsa
584 1166 634 1204 sua
652 1153 750 1203 natura
769 1155 797 1203 ut
814 1146 907 1203 indole
925 1145 1048 1217 impensa

119 1231 222 1286 tionum
247 1229 432 1302 patefaciunt:
462 1231 553 1284 omnia
570 1229 642 1284 onim
661 1245 730 1300 quau
749 1229 778 1282 in
797 1226 866 1282 utils
885 1232 1002 1282 nostrum
1017 1223 1049 1279 la·

119 1313 200 1366 olunt
219 1327 273 1364 non
293 1325 327 1364 ux
338 1308 446 1364 untione
459 1326 552 1363 aarum
565 1314 693 1371 naturae,
713 1308 813 1378 qnippe
827 1307 982 1377 nagatisso,
1000 1316 1049 1374 pm*

120 1390 239 1452 cedunt;
259 1405 322 1443 nam
336 1387 383 1443 nbi
395 1389 510 1460 aliquis.
525 1387 630 1460 aliquid
643 1387 743 1442 bonnm
757 1388 875 1451 ducens,
887 1386 960 1459 qnod
973 1391 1049 1439 una!

122 1470 223 1525 bonnm
236 1485 291 1523 non
304 1469 356 1530 sit,
376 1467 446 1522 illud
459 1475 568 1538 sperat,
588 1471 708 1522 attamen
720 1467 836 1521 audacia
848 1465 920 1521 illud
932 1456 1050 1521 ansioni

122 1551 302 1607 lluotuationo
329 1552 357 1602 at
380 1546 606 1619 pusillanimitate
627 1564 676 1601 sna
694 1551 782 1606 uarat.
811 1563 878 1601 oasu
897 1540 1051 1601 solummodo

121 1629 180 1685 siva
210 1626 337 1698 negativa
367 1625 401 1681 ab
421 1627 470 1683 illo
490 1627 561 1685 malo
580 1626 650 1698 quod
673 1626 772 1680 bonum
792 1625 890 1690 habnt,
924 1624 1050 1680 liberum

121 1706 218 1779 Neque
245 1705 331 1777 igitur
359 1705 409 1760 hau
435 1705 574 1775 passiones
602 1705 631 1759 in
650 1704 770 1766 homins.
802 1705 850 1778 qui
868 1710 945 1760 rsota
962 1702 1053 1759 anon

121 1785 251 1849 duoitur,
269 1786 359 1840 lunum
377 1783 476 1839 habero
495 1789 616 1854 possunt.

159 2101 242 2165 Quod
261 2101 378 2175 deniquo
396 2100 430 2156 ad
448 2100 680 2172 intrepiditatam,
700 2098 842 2155 audaciam
862 2101 891 2154 at
909 2094 1055 2154 aemnlstiu·

125 2201 186 2238 nam
213 2181 325 2247 attinet,
359 2180 393 2235 da
420 2181 455 2236 iis
474 2180 543 2235 nibil
561 2179 637 2237 uliud
655 2179 816 2243 diosndum,
843 2195 926 2251 quum
944 2171 1054 2251 quoddt

124 2280 217 2318 amora
235 2261 351 2334 odioqns
368 2261 426 2331 jam
444 2260 573 2316 diximus.

427 2576 551 2634 CAPUT
574 2575 767 2632 DECIMUM.

228 2753 266 2792 nn
285 2738 521 2806 (consonum)
539 2750 637 2790 noasu
654 2750 692 2790 nn
710 2749 748 2788 na
765 2747 970 2788 nonusnaums.

164 2896 206 2952 Da
219 2895 293 2953 hisne
303 2894 475 2968 passionibus
485 2893 603 2951 brevitor
612 2896 644 2948 ut
654 2893 812 2966 loquamur,
826 2892 917 2948 diosna
926 2883 1052 2948 oonssmb

126 2977 190 3035 illus
209 2995 347 3051 nunquam
366 2976 419 3032 nisi
438 2994 485 3048 par
503 2974 726 3048 anticipationem
744 2972 837 3035 nasoi;
857 2972 930 3044 quod
947 2957 1049 3026 animal
