2354 3412
649 93 707 150 164

240 253 323 314 Quod
351 251 514 325 quibusdam
542 254 612 308 forte
641 270 695 307 non
715 252 881 316 satisfaciet,
915 251 1077 308 intellectum
1089 244 1124 322 qni
1168 302 1170 307 .

203 350 337 404 oooupere
365 332 456 388 solent
477 333 506 388 in
525 333 781 397 entibus-rationis,
811 338 950 405 tamquam
970 331 1047 388 rebus
1063 327 1125 402 pot

205 412 346 470 eulerihus
369 413 398 467 in
417 418 516 467 natura
534 430 596 467 vere
615 413 813 478 existentibus,
841 414 943 484 quique
962 413 1002 467 ita
1019 428 1063 466 ena
1079 407 1126 465 retis

205 493 266 548 onis
285 510 339 546 non
358 492 429 556 tals,
450 510 514 547 vero
532 511 581 548 ens
599 493 671 548 reale
687 493 803 556 liabent,
824 511 907 565 seque
920 494 973 564 ipsi
987 492 1068 563 igitur
1077 506 1126 562 qua·

205 573 321 629 rundam
340 590 429 628 rerum
447 590 558 629 oausam
575 576 700 644 ponunt;
721 573 762 627 uti
776 570 864 637 in'eo,
886 572 919 627 de
932 589 988 644 quo
1000 570 1125 644 loquimar.

207 672 287 725 saepe
315 655 355 708 fit.
394 653 465 706 Cum
494 653 566 708 enim
584 652 706 708 homines
722 652 779 723 jam
799 652 868 708 hano
884 652 940 723 jam
967 646 1129 708 illamvolitlv

208 751 287 789 onem
316 732 451 798 habeant,
479 733 508 787 in
538 739 628 786 mente
645 732 710 787 inde
729 732 838 786 modum
857 732 1011 803 generalem
1029 732 1127 804 ponunt.
1167 784 1170 790 ,

207 831 287 888 quam
318 813 487 868 voluntatem
517 818 633 878 vocant,
662 812 755 867 eadem
775 813 880 867 ratione
900 831 954 884 qua
972 830 1006 867 ex
1024 812 1071 866 lsoo
1086 808 1130 865 ito

207 912 259 967 que
278 894 387 948 homine
405 893 495 947 ideam
514 893 630 948 hominis
649 892 776 949 efficiant.
814 892 934 952 Quando
950 885 1130 964 igiturquaeli·

207 979 268 1034 tor,
299 990 348 1028 our
376 972 498 1027 homines
527 975 577 1028 hoo
606 973 709 1028 illudve
735 972 838 1037 velint,
867 973 1058 1043 respondetur:
1084 966 1133 1042 quie

209 1055 379 1109 voluntatem
400 1052 510 1107 habent.
549 1053 617 1108 Cum
638 1071 701 1107 vero
720 1052 863 1115 voluntas,
885 1053 926 1106 uti
945 1051 1075 1111 diximus,
1093 1046 1132 1103 dis

208 1135 296 1190 tincta
329 1132 363 1188 ab
395 1133 445 1188 hae
479 1133 561 1188 illave
595 1132 744 1195 ventione,
782 1132 891 1187 nonnisi
921 1132 1018 1186 medua
1044 1127 1134 1202 quior·

207 1323 280 1368 solum
295 1321 392 1380 intelligi
408 1321 498 1380 nequit,
513 1320 551 1367 sed
566 1326 589 1368 et
604 1321 647 1368 tini
663 1320 800 1368 eontrarium
818 1324 865 1376 est,
881 1317 933 1377 quie
949 1331 977 1364 eo
992 1331 1069 1378 negare
1090 1314 1095 1325 '

207 1392 345 1438 voluntatem
361 1391 453 1437 liberam
469 1405 525 1439 esse.

240 1461 273 1507 Ut
299 1461 388 1519 quidem
413 1461 479 1508 finem
499 1461 591 1519 faniam,
616 1476 741 1521 quanquam
759 1475 804 1507 uon
819 1459 874 1507 libet
890 1458 966 1506 omnia
982 1457 1087 1505 adduoere

209 1537 287 1578 eontra
312 1531 488 1593 propositionem
512 1534 651 1580 substantiae
675 1537 763 1580 oreatae
786 1530 872 1588 habeo,
897 1529 997 1577 breviter
1019 1533 1137 1585 tantan

208 1601 313 1659 tendum,
346 1604 468 1651 volontatis
500 1604 624 1652 libertatern
649 1604 711 1650 nullo
737 1602 802 1650 modo
825 1601 946 1649 eonvenite
969 1615 1019 1648 enm
1042 1600 1081 1648 illa

211 1673 276 1719 tinus
299 1674 413 1721 creatione
436 1689 501 1734 qnam
524 1676 668 1735 profitentnr3
695 1691 745 1723 oum
760 1676 819 1723 enim
835 1676 860 1722 in
875 1675 926 1722 Deo
942 1673 1071 1736 postulatur

211 1742 271 1790 aetio
293 1742 321 1790 ad
339 1759 385 1790 rem
401 1745 424 1790 io
440 1761 488 1792 esse
505 1747 693 1806 conservandum,
714 1763 741 1794 ne
757 1747 785 1794 nd
801 1746 934 1805 errandum,
959 1760 1032 1804 oeque
1045 1743 1105 1791 aliter

210 1814 246 1860 vel
269 1820 405 1862 momentum
428 1816 517 1875 quidem
540 1817 635 1865 existere
658 1824 745 1878 possst;
778 1833 824 1864 non
847 1817 918 1877 igitur
944 1816 978 1864 rei
998 1815 1085 1865 oensala
1128 1864 1132 1873 ,

213 1885 308 1932 attribui
334 1890 423 1946 potest,
447 1888 529 1948 quippe
553 1904 609 1948 quae
632 1890 756 1950 potentiam
779 1905 826 1936 uon
853 1889 935 1936 habens
961 1903 985 1937 so
1000 1878 1131 1935 oonmnnrt

211 1956 283 2003 molto
307 1956 381 2004 minus
404 1973 418 2004 a
442 1974 466 2004 se
489 1959 573 2018 aliquid
595 1961 717 2020 prodnoere
741 1962 819 2022 possit.
859 1960 884 2007 Si
905 1959 976 2020 igitur
997 1957 1053 2005 dieis

212 2025 342 2073 vetitionem
359 2043 411 2074 aas
428 2029 477 2088 ipsa
494 2030 626 2089 producere,
643 2047 698 2092 rogo
715 2047 809 2091 quanam
826 2031 928 2092 potentia
945 2031 988 2076 troo
1003 2028 1060 2076 fiatl
1074 2040 1113 2074 noo

210 2113 267 2156 qnae
283 2099 339 2157 luit,
358 2102 412 2146 haee
427 2100 485 2147 enim
502 2116 548 2147 non
564 2103 658 2162 amplius
675 2103 753 2161 adest;
777 2117 847 2161 neque
862 2116 901 2160 ea,
918 2116 985 2161 qnam
1002 2098 1065 2146 modo
1128 2152 1131 2157 ,

212 2169 296 2215 nnllam
321 2170 379 2215 enim
404 2171 471 2218 habet
495 2187 538 2230 qua
561 2174 597 2219 vel
621 2173 731 2221 mininam
755 2179 891 2219 momentum
915 2171 1011 2218 existere
1035 2167 1095 2216 vell

212 2245 301 2301 posset,
318 2241 371 2300 quin
387 2242 495 2289 eontinuo
511 2249 608 2292 oreatur.
639 2244 696 2292 Cum
713 2245 784 2304 igitur
801 2244 862 2291 nulla
878 2243 976 2300 ruerit,
999 2240 1102 2301 wuda·

212 2309 306 2356 tentiam
331 2311 353 2356 in
378 2326 402 2358 ae
419 2312 501 2359 habens
518 2329 541 2360 se
557 2313 627 2374 ipsam
644 2314 790 2363 conservandi
805 2314 916 2374 aliquidve
932 2311 1082 2375 pruinosum,

214 2386 284 2428 restat
309 2396 374 2440 quam
393 2383 533 2433 'eonolodero
559 2385 634 2433 Deum
657 2388 729 2433 solum
752 2385 851 2433 omniurn
866 2399 942 2432 rerum
958 2398 1047 2433 eausam

212 2465 263 2497 ease
279 2455 301 2497 et
317 2466 366 2498 esse
381 2451 475 2512 debere,
491 2461 558 2514 atque
573 2470 650 2504 omnes
667 2456 788 2504 volitiones
803 2455 831 2503 alr
846 2470 873 2503 eo
889 2455 939 2502 solo
954 2450 1096 2504 determinari·
