2354 3412
633 105 671 164 58

182 265 270 320 omnis
296 266 471 336 perfeotionis
490 282 573 321 oense
591 267 642 328 sit:
671 284 751 339 quern
770 266 804 321 ob
823 284 894 328 rem,
918 265 941 321 si
960 265 1038 321 Deus
1057 263 1126 320 illud

180 345 305 400 omittere
324 350 431 417 posset,
451 363 506 401 non
525 347 662 416 periectos
680 350 766 408 esset:
787 364 848 401 nam
865 346 965 401 bonum
979 346 1070 401 faeere
1082 345 1126 399 vei

183 424 375 494 perfectionem
402 426 528 479 omittere
556 442 635 496 posse
662 427 692 480 in
719 443 751 480 eo
770 426 843 497 quod
862 424 957 487 efficit,
988 425 1081 481 looum
1098 425 1125 480 in

180 501 229 558 ino
257 503 354 560 habere
382 505 492 577 nequit,
523 521 584 560 oum
609 505 744 562 defectum
764 505 897 561 includet.
936 506 1021 566 Quod
1041 505 1124 577 igitur

181 583 256 638 Deus
283 584 341 640 sola
369 603 451 641 eausa
480 584 567 640 libera
595 587 646 648 sit,
676 605 730 640 non
750 586 838 641 solnm
858 589 984 656 petetex
1004 583 1124 658 eoquod

181 662 316 729 diximus,
346 665 393 720 sed
421 666 502 720 etiam
530 664 611 731 inde,
641 666 714 739 quod
737 671 814 721 extre
833 684 894 720 eum
913 682 997 720 eausa
1015 669 1125 718 externo

181 760 236 798 non
255 743 306 807 sit,
335 763 404 817 quoe
423 763 484 799 eum
504 762 600 817 eogere
618 745 662 800 vol
681 763 801 816 premere
820 748 927 817 posset:
947 762 1018 817 quae
1037 745 1125 799 omnio

184 823 213 877 in
233 822 313 878 rebus
332 825 430 880 creatis
450 825 563 885 nonita
583 826 672 880 looum
690 826 799 882 habent.

218 1061 337 1117 Roontre
365 1060 467 1118 dieitur
494 1062 618 1134 quidem,
648 1062 747 1119 bonum
778 1081 810 1118 eo
841 1063 899 1118 solo
931 1063 1030 1117 bonum
1054 1079 1125 1127 esse,

182 1142 254 1214 quod
273 1141 348 1197 Deus
367 1142 437 1197 illud
455 1143 538 1208 velit,
558 1147 586 1197 et
604 1143 691 1199 Deum
712 1144 797 1214 igitur
812 1143 915 1198 effioere
932 1159 1011 1213 posse
1026 1141 1129 1197 molum

184 1221 283 1277 bonum
302 1221 371 1276 fieri.
408 1223 468 1278 Hoo
487 1227 577 1277 eutem
597 1240 681 1295 oeque
699 1223 774 1277 velet
791 1241 823 1277 ee
841 1223 865 1277 si
884 1222 1017 1283 dicerem.
1039 1221 1127 1276 Deum

183 1302 271 1358 Deum
299 1319 358 1356 esse
385 1303 450 1374 quie
478 1302 546 1357 velit
575 1303 664 1356 Deum
692 1319 765 1365 esse,
795 1307 823 1356 et
840 1303 880 1356 ita
897 1319 977 1372 posse
997 1316 1052 1355 non
1070 1318 1128 1356 osee

183 1384 288 1446 Deum:
309 1384 381 1455 quod
400 1384 459 1456 ipse
477 1388 519 1438 est
537 1383 700 1439 absurditas.
734 1383 820 1437 Porro
839 1384 862 1437 si
880 1381 1003 1436 homines
1024 1380 1130 1453 aliquid

184 1463 290 1519 faciunt
317 1467 345 1516 et
373 1469 504 1534 rogentur
532 1481 581 1519 our
611 1465 651 1518 ita
672 1463 788 1527 faciant,
817 1462 957 1533 responsio
978 1466 1034 1516 est:
1064 1461 1130 1534 quio

183 1543 293 1614 justitie
312 1543 351 1597 ita
370 1543 463 1614 exigit.
496 1543 524 1598 Si
544 1545 642 1598 iterum
662 1548 787 1614 rogatur:
808 1559 856 1597 our
871 1541 997 1612 justitie,
1018 1540 1064 1595 vel
1082 1556 1129 1612 po·

183 1624 240 1678 tius
258 1639 341 1677 eausa
359 1623 446 1693 primo
464 1623 584 1677 omnium
600 1639 669 1694 quae
685 1623 761 1692 juste
780 1622 851 1686 sint,
871 1623 925 1676 ista
944 1621 1055 1692 exigat?
1075 1638 1131 1676 res·

164 1749 166 1752 ,
184 1703 335 1774 pendetur:
362 1703 426 1774 quie
440 1695 503 1772 ipse
520 1702 630 1772 justitie
649 1703 688 1757 ita
705 1703 776 1758 vult.
809 1703 876 1766 Sed,
898 1702 1005 1774 preoor!
1024 1701 1131 1771 Justiri·

185 1801 236 1837 ene
264 1785 388 1836 omittere
418 1786 510 1852 posset
535 1781 611 1852 juste
632 1786 708 1837 esse?
743 1781 829 1836 Nullo
848 1781 943 1847 modo,
971 1786 1039 1837 tuno
1058 1780 1131 1837 enim

186 1880 240 1916 non
268 1861 385 1932 amplius
410 1860 520 1931 justitie
547 1880 606 1917 esse
625 1866 722 1932 posset.
758 1863 794 1918 Er
812 1879 974 1934 quemquam
994 1860 1053 1926 illi,
1083 1862 1130 1934 qui

186 1941 282 1997 dieunt
305 1940 394 1995 Deum
420 1943 511 1996 omnio
539 1959 607 2011 quae
626 1943 684 2014 agit
702 1960 733 1997 eo
752 1959 848 2012 egere.
876 1943 949 2014 quod
967 1942 997 1996 in
1016 1959 1045 1996 se
1064 1941 1130 2013 ipsis

185 2023 257 2078 hono
285 2023 357 2088 sint,
393 2024 529 2094 putabunt
555 2025 669 2078 fortasse
696 2041 725 2077 se
752 2021 892 2077 nobiseum
921 2039 975 2076 non
1003 2022 1126 2086 differre:

186 2103 279 2173 procul
307 2108 398 2157 temen
424 2102 516 2167 abest,
546 2121 606 2159 oum
634 2102 738 2174 aliquid
768 2101 869 2157 bonum
897 2102 991 2157 edesse
1018 2101 1128 2168 dicent,

186 2183 230 2238 oui
249 2182 387 2254 obligatus
406 2182 449 2237 vel
472 2183 607 2239 obductus
629 2189 716 2248 esset,
735 2182 835 2254 quippe
848 2199 931 2237 eausa
943 2182 1130 2254 desiderioque

185 2262 257 2334 quod
277 2263 327 2319 hoo
347 2262 446 2318 bonum
464 2263 587 2336 illudque
607 2279 700 2319 rursus
715 2263 821 2333 justum
841 2262 886 2317 sit.

222 2817 330 2873 Deinde
348 2819 472 2891 quaestio
490 2821 594 2883 oritur,
615 2837 680 2875 num
699 2820 790 2884 Deus,
810 2819 862 2873 etsi
880 2819 972 2874 omnio
986 2818 1021 2874 eb
1033 2835 1065 2874 eo
1077 2817 1129 2873 alio

187 2897 267 2954 modo
286 2904 378 2955 orente
395 2900 498 2956 fuerint
515 2908 543 2955 et
562 2900 596 2955 ab
609 2906 719 2956 aeterno
731 2900 812 2956 aliter
824 2899 958 2971 disposito
970 2903 998 2954 et
1010 2897 1173 2971 praeder—
