2354 3412
632 134 688 192 192

185 312 320 360 amoram,
358 293 467 357 odium.
504 298 533 347 et
560 293 701 349 tristitiem
730 314 764 351 ex
791 311 881 350 rerum
912 294 1126 364 incorpoream!

184 372 416 445 contemplatione
434 373 611 444 procedentes
630 375 739 430 eosdem
755 375 867 430 effectus
880 372 981 428 habere
993 377 1128 444 atquem

185 474 255 529 quae
282 472 315 510 ex
343 472 532 526 corporearum
563 473 651 510 rerum
679 454 909 526 contemplatione
938 448 1126 531 procernens

186 535 238 590 hae
266 536 338 589 euim
358 534 412 603 (uti
430 539 526 606 postea
545 534 634 591 adhuc
653 534 787 604 dicemus)
805 533 875 589 alios
893 547 1004 605 quoque
1023 529 1129 593 effectus¹
1158 562 1170 605 ⁴.

187 615 341 678 habebunt,
362 621 476 669 naturae
496 614 535 668 rei
555 613 672 675 similes.
695 633 729 670 ex
747 615 826 684 cujus
845 614 1022 685 perceptione
1040 625 1127 673 amor,
1168 608 1170 625 ²

185 694 296 760 odium,
316 693 483 766 tristitiaque
503 698 554 751 etc.
573 693 603 748 in
622 698 727 760 monte,
748 695 907 764 incorporea
926 689 1127 755 considerante,

141 801 144 807 ¹
185 779 345 830 nascuntur.
385 775 429 831 Ita
454 776 500 844 (ut
517 775 552 830 ad
571 776 661 847 priora
680 775 834 844 redeamus)
853 779 901 838 ut,
929 770 1042 845 quando
1058 762 1127 847 aliod

185 852 269 927 quid,
308 873 419 928 corpore
453 857 688 928 magnificentius,
720 857 803 911 menti
831 873 860 910 se
888 854 1050 918 exhiberet,
1076 867 1127 908 cer·

190 939 248 989 tum
278 935 329 998 sit,
359 953 458 1008 corpus
480 941 540 991 tum
558 937 710 1008 potentiam
730 952 784 995 non
803 934 976 995 habiturum.
1007 930 1077 989 talea
1093 930 1126 987 c

186 1013 275 1068 iectus
303 1031 384 1085 quam
403 1013 549 1070 actualiter
568 1015 680 1079 habeat,
710 1014 851 1070 causandi.
890 1013 973 1068 Unde
992 1011 1123 1084 sequitur,

185 1110 241 1149 non
260 1091 349 1147 solum
367 1094 439 1166 qnod
458 1111 556 1165 corpus
575 1095 721 1165 praecipua
740 1095 777 1150 sit
795 1095 953 1166 passionum
966 1110 1065 1157 eausa,
1084 1088 1126 1146 aad

186 1173 286 1238 etiam,
312 1172 365 1228 etsi
388 1173 464 1228 eliud
483 1172 567 1246 quid,
593 1191 674 1244 quem
692 1173 763 1229 illud
782 1175 854 1246 qnod
870 1172 929 1244 jam
948 1170 1129 1230 consideravi·

185 1271 262 1315 mus,
291 1252 320 1307 iu
346 1252 424 1307 nobis
443 1256 531 1314 esset,
560 1253 753 1326 passionesque
772 1255 826 1324 (nti
846 1255 1003 1322 censemus)
1021 1266 1122 1309 cauum

158 1393 164 1415 ,
185 1335 292 1405 posset,
320 1331 389 1387 illud
408 1336 500 1387 tamen
519 1332 615 1404 (etiam
636 1333 659 1387 si
678 1335 717 1389 ita
736 1338 820 1404 esset)
839 1351 890 1390 nec
909 1333 989 1405 plura
1008 1349 1058 1388 neo
1075 1330 1123 1386 alie

185 1415 214 1468 in
235 1416 324 1467 mente
342 1429 422 1484 agere
441 1416 547 1483 posset.
568 1429 649 1484 quam
668 1430 767 1485 corpus
783 1415 839 1483 jam
859 1415 928 1485 agit.
958 1412 1038 1468 Nihil
1056 1406 1121 1467 aliud

184 1493 258 1546 euim
277 1490 331 1546 nisi
350 1492 405 1545 tale
424 1509 483 1546 esse
502 1496 593 1562 posset
611 1491 766 1563 objectum,
785 1495 858 1566 quod
877 1493 989 1548 omnino
1008 1510 1025 1546 a
1044 1486 1121 1546 meula

188 1570 324 1632 differret.
354 1571 469 1643 ideoque
498 1574 526 1624 et
553 1571 608 1625 tale
635 1590 723 1645 neque
750 1573 831 1628 aliter
855 1591 885 1627 se
903 1573 1060 1635 exhiberetr
1088 1566 1121 1624 uti

185 1652 280 1707 eadem
302 1651 407 1706 ratione
425 1653 509 1708 etiam
527 1652 561 1706 de
580 1669 691 1724 corpore
711 1653 795 1708 locuti
815 1670 918 1707 sumus.

226 1733 272 1788 Ite
291 1736 322 1785 ut
342 1749 405 1785 vere
424 1731 586 1787 concludere
605 1734 741 1804 possimus
759 1748 896 1798 amorem,
916 1731 1029 1797 odium,
1049 1728 1122 1786 tristi·

188 1812 255 1866 tiam
283 1809 404 1882 aliasque
429 1813 569 1882 passiones
588 1812 616 1866 in
637 1817 725 1866 mente
744 1812 851 1867 causari
870 1813 1023 1867 secundum
1042 1810 1123 1883 cogni·

190 1891 275 1946 tionis
299 1892 412 1945 formam
436 1910 516 1963 quam
543 1892 582 1947 rei
600 1892 718 1962 alicujus
737 1892 832 1953 habet:
862 1910 940 1964 ergo,
969 1891 993 1947 si
1014 1891 1124 1963 magnifi-

192 1972 379 2028 acutissimum
426 1973 574 2045 aliquando
610 1976 803 2044 cognosceret,
839 1972 1010 2044 impossibile
1049 1977 1134 2045 esset„

191 2069 336 2124 quamnam
357 2051 451 2106 harum
471 2053 627 2125 passionum
647 2052 690 2106 vel
710 2052 847 2107 minimam
867 2055 896 2107 in
908 2052 959 2108 illa
971 2055 1129 2110 emotionem

189 2133 339 2206 producere
352 2149 439 2205 posse.
837 2156 840 2162 ·
