2354 3412
563 96 602 153 94

111 261 147 318 nt
165 258 237 331 quod
256 261 386 330 tanquam
405 258 525 329 regulam
544 260 648 330 ponant
666 256 735 312 illud
754 255 789 310 ad
803 255 841 310 rei
854 257 931 309 natur

111 341 214 402 tinere,
247 337 305 393 sine
333 355 386 409 quo
408 355 450 392 res
470 355 520 393 nec
539 337 655 393 existere
674 355 725 393 nec
740 335 848 407 concipi
868 338 931 407 pota

111 434 259 490 negamus:
286 417 343 487 jam
368 417 440 472 enim
458 416 704 472 demonstravimus
723 417 780 471 sine
798 417 857 472 Deo
876 414 931 469 nuli

111 514 161 552 nec
189 497 304 551 existere
333 513 382 552 neo
410 497 516 568 concipi
535 515 612 568 posse
632 497 657 552 h.
676 515 698 553 e.
716 496 805 551 Deum
824 514 882 550 esse
902 501 928 549 et

111 577 209 633 debere
216 616 225 642 ‚
253 581 398 648 antequam
427 594 469 632 res
497 577 674 648 particulares
703 595 760 632 esse
787 575 832 630 vel
859 579 931 631 conci

111 657 177 712 sint.
215 656 392 711 Ostendimus
420 657 502 712 otiam
530 675 584 711 non
603 674 702 729 genera
721 657 755 711 ad
775 655 931 711 naturamd

112 735 155 791 nis
183 737 336 806 pertinere,
367 735 413 790 sed
442 736 509 791 talia
533 754 601 808 quae
621 739 679 792 sine
699 736 760 792 aliis
779 737 931 791 existeren

112 831 163 870 nec
182 814 241 869 sinc
257 814 315 870 illis
333 816 440 886 concipi
460 819 583 886 possunt.
621 818 700 877 Quae
720 833 781 872 cum
800 817 840 870 ita
859 817 929 878 sint,

111 913 173 949 nam
203 894 324 966 regulam
337 899 494 965 ponemus,
524 913 577 967 que
596 897 712 952 sciamus
732 895 797 968 quid
816 894 850 950 ad
870 899 931 949 natu

112 975 231 1046 alicujus
250 975 410 1046 pertineat?
446 975 526 1030 Hanc
546 975 618 1032 scil.:
638 975 708 1030 iliud
728 974 761 1028 ad
780 975 819 1028 rei
838 973 931 1044 alicuju

111 1074 167 1112 ram
187 1057 320 1128 pertinet,
342 1056 400 1111 sine
419 1074 472 1128 quo
491 1073 534 1111 res
552 1055 600 1111 illa
619 1072 669 1109 nec
687 1071 745 1108 esse
762 1071 811 1108 nec
824 1054 931 1124 concipi

112 1153 162 1192 nec
189 1137 229 1191 sic
257 1139 381 1202 tuntum,
409 1135 455 1190 sed
483 1137 523 1191 ita
544 1135 625 1190 etiam
644 1137 676 1188 ut
694 1133 844 1205 propositio
863 1151 931 1204 semp

111 1233 193 1288 proca
221 1216 257 1272 sit
284 1216 301 1272 i.
329 1234 352 1270 e.
381 1219 412 1270 ut
431 1233 518 1287 neque
537 1215 721 1287 praedicatum
742 1214 799 1268 sine
819 1231 847 1267 re
866 1213 931 1269 exist

111 1296 218 1368 concipi
238 1295 331 1366 possit.

146 1613 207 1668 Jsm
223 1611 308 1684 igitur
320 1611 354 1665 de
366 1610 468 1676 modis,
489 1629 504 1665 e
517 1610 616 1684 quibus
629 1611 708 1665 homo
721 1609 867 1674 consistat,
882 1614 931 1665 tra«

112 1693 260 1764 cipimus,
281 1691 360 1748 initio
379 1691 517 1763 sequentis
536 1690 633 1761 capitis
652 1689 736 1762 partis
755 1689 912 1761 posterioris
