2354 3412
553 115 610 173 126

146 274 199 330 Sed
209 275 266 346 jam
279 274 464 348 inquiramus,
483 292 549 331 uum
561 273 667 346 aliquid
680 275 744 332 mali
757 276 787 332 in
799 293 841 341 eo,
856 276 929 350 quod
939 273 1045 332 resudiu

110 360 138 411 et
156 354 297 410 aversione
316 354 458 410 vitenturl’
1022 396 1025 402 -

146 432 229 494 Quod
248 434 283 489 ad
301 434 393 489 odium
413 451 446 488 cx
464 434 591 505 opinione
610 437 774 507 procedens,
805 441 910 493 certum
930 442 972 494 cst
983 434 1045 493 illud

111 513 140 569 in
169 513 248 568 nobis
277 531 335 569 esse
363 531 418 569 non
446 513 543 578 licere,
573 519 637 588 quia
664 518 765 573 scimus
786 535 869 573 unum
887 519 1045 592 eandemque

111 611 168 650 rem
186 612 242 651 uno
261 601 381 667 tempore
400 596 479 652 nobis
498 595 595 652 bonam
614 596 668 652 elio
687 597 785 653 malam
804 615 876 662 esse,
897 599 940 655 uti
959 599 986 654 in
999 615 1045 655 me·

111 675 274 732 dicamentis
294 676 412 732 videtur.

148 834 261 906 Proprie
274 835 360 906 igitur
372 834 406 890 ad
419 834 471 891 hoc
480 833 692 899 attendendum,
707 852 771 891 num
782 835 875 891 odium
885 854 918 892 ex
929 838 1045 909 opinione

113 913 188 979 sola,
209 932 296 986 neque
315 914 396 969 etiam
417 932 431 968 e
450 931 514 969 vera
527 913 735 969 ratiocinatione
747 915 776 969 in
789 914 867 970 nobis
880 915 992 974 oriatur.
1008 917 1045 974 Aa

112 1011 194 1066 quam
204 994 410 1066 inquisitionem
420 994 499 1049 nobis
508 993 618 1049 videtur
627 993 699 1050 clare
707 995 902 1050 ostendendum
912 1013 981 1062 esse,
991 997 1045 1069 quit

114 1093 208 1131 verum
228 1076 320 1132 odium
341 1076 377 1133 sit
394 1075 519 1149 illudque
537 1073 572 1130 ab
591 1074 731 1129 aversione
750 1073 817 1129 bene
836 1073 1013 1147 distinguere.

149 1233 250 1289 Odium
270 1232 415 1289 commotio
435 1231 533 1288 mentis
552 1235 593 1286 est
606 1234 701 1286 contra
714 1228 831 1302 aliquem
844 1229 891 1301 qui
905 1248 956 1287 nos
969 1231 1045 1288 soient

114 1316 143 1369 et
161 1316 257 1384 sponte
277 1330 326 1367 sna
344 1311 466 1368 offendit.

151 1394 267 1450 Aversio
285 1392 335 1449 illa
353 1393 498 1449 commotio
508 1395 550 1448 est
559 1407 629 1465 quae
638 1391 733 1445 contra
743 1406 798 1443 rem
809 1388 929 1461 aliquam
939 1389 968 1445 in
981 1389 1043 1447 nobi

114 1473 203 1530 oritur
216 1477 326 1545 propter
338 1473 466 1529 damnum
479 1472 521 1528 vel
536 1471 681 1543 injurium,
702 1488 770 1542 quae
783 1474 910 1541 putamus
923 1470 968 1526 vel
980 1469 1045 1528 intel

115 1553 226 1627 ligimus
244 1571 261 1609 a
280 1557 377 1609 natura
396 1553 425 1608 in
444 1552 493 1609 illu
512 1569 581 1608 esse.
613 1550 683 1607 Dico
699 1554 811 1614 natura,
841 1549 921 1621 qnia,
952 1550 1045 1623 quand

116 1651 170 1689 nou
189 1633 230 1689 ita
247 1636 376 1703 putamus
393 1631 437 1688 vel
456 1631 652 1704 intelligimus,
673 1630 724 1685 etsi
743 1629 778 1685 ab
798 1647 829 1684 ea
848 1631 941 1687 damni
959 1630 1045 1688 velin

115 1712 249 1768 commodi
277 1711 382 1783 aliquid
408 1711 482 1768 nacti
502 1712 602 1777 simus,
631 1711 693 1767 ideo
711 1710 746 1765 ab
764 1728 796 1765 ea
814 1727 869 1766 nou
887 1727 1045 1769 aversamur

116 1791 171 1848 imo
195 1807 260 1845 vero
281 1790 427 1847 utilitatem
450 1790 586 1862 quandam
610 1790 645 1845 ab
667 1807 699 1844 ea
720 1792 876 1860 exspectare
897 1808 1043 1870 possumus

117 1871 159 1927 nti
178 1871 278 1942 uliquis
298 1870 387 1941 lapide
405 1869 449 1926 vel
469 1870 558 1926 cultro
571 1869 699 1935 illaesus,
719 1869 753 1924 ab
767 1869 800 1925 iis
814 1873 905 1926 tamen
918 1888 974 1927 uou
987 1888 1045 1929 aver

117 1955 203 2007 satur.

153 2109 215 2166 Hoc
240 2109 280 2165 ita
299 2107 487 2165 animadverso
502 2109 559 2179 jam
579 2107 697 2163 breviter
717 2108 859 2180 utriusque
877 2108 1004 2166 effectum
1021 2126 1045 2166 v

118 2189 289 2323 deliniusodio
308 2268 430 2339 procedit
448 2267 578 2333 tristitia,
608 2284 695 2338 exque
715 2285 813 2339 magno
831 2268 895 2324 odio
914 2268 970 2333 ira;
994 2284 1045 2342 que

120 2356 254 2420 postrema
283 2364 337 2402 uon
362 2346 465 2412 solum,
496 2349 537 2404 uti
556 2347 666 2412 odium,
695 2346 763 2402 illud
783 2347 855 2419 quod
875 2349 948 2415 odit,
976 2350 1045 2406 vitai

119 2430 250 2492 conatur,
270 2443 334 2481 vero
352 2427 434 2483 etiam
454 2427 476 2483 si
496 2429 582 2499 possit
595 2429 743 2485 destrucre.
773 2430 814 2484 Ea
828 2446 926 2501 magno
939 2429 987 2486 illo
999 2427 1045 2486 odi

121 2504 245 2577 procedit
262 2504 376 2561 invidia.

157 2664 199 2721 Ex
212 2664 353 2719 aversione
365 2682 428 2720 vcro
442 2668 565 2737 procedit
577 2668 708 2740 quaedam
719 2667 833 2723 trist-itia
839 2705 849 2733 ‚
863 2667 929 2740 quia
937 2684 988 2725 uos
996 2681 1045 2740 qur

121 2743 182 2799 dam
212 2744 319 2815 privare
346 2762 490 2811 conamur,
520 2747 593 2819 quod
621 2747 731 2804 realiter
752 2748 886 2813 existens,
918 2749 1045 2805 assentiar

121 2841 198 2881 suam
218 2827 246 2878 et
264 2824 456 2896 perlectionem
475 2825 565 2885 habet.

157 2904 222 2965 Quo
241 2903 316 2960 dicto
334 2904 414 2961 facile
431 2905 606 2977 intelligitur,
626 2923 675 2963 nos
688 2907 792 2964 ratione
805 2911 899 2964 nostra
915 2914 987 2966 recte
999 2921 1045 2964 usu

122 2986 151 3042 in
180 2983 286 3041 nullam
315 3002 369 3040 rem
398 2985 489 3042 odium
508 2985 553 3042 vel
571 2988 739 3045 aversionem
758 2987 856 3045 habere
875 3006 968 3061 posse,
998 2984 1045 3061 quil
