2354 3412
560 123 619 181 138

116 284 235 346 Quando
254 302 310 340 rens
326 286 487 338 eventuram
505 286 634 355 tunquam
655 281 769 349 bonum,
788 299 905 355 quaeque

116 368 153 421 sit
171 365 348 437 pereipimus.
371 379 447 418 mens
464 361 540 418 illam
559 362 782 417 constitutionem
797 363 905 418 naneiss

115 445 189 516 Spem
206 461 349 503 vocemus:
369 461 439 515 quae
457 442 527 498 nibil
545 443 636 507 aliud,
656 443 709 498 nisi
722 443 854 513 quaedam
869 441 905 497 lae

115 525 171 580 sies
189 525 234 580 oui
252 529 343 579 tamen
361 524 477 579 tristitia
494 523 626 595 quaedem
645 523 804 577 intermixta
823 524 872 579 est.

151 680 205 736 Ubi
231 698 296 736 vero
314 698 370 737 rem
389 682 546 752 possibilem
565 680 662 736 maiam
683 680 828 744 babemus,
848 679 898 734 illa

116 761 224 818 stitutio
242 763 272 818 in
292 766 382 816 mente
401 767 494 816 nostra
512 761 648 825 nescitur,
668 777 750 833 quem
762 761 859 815 Metam
872 778 905 815 vo

150 920 179 977 Si
198 939 240 976 res
260 920 331 977 bone
349 922 554 993 necessarioque
573 921 665 975 futura
684 919 815 982 babetur,
837 919 887 975 illa

115 1000 238 1072 quillitss
265 1003 294 1057 in
322 1006 412 1056 mente
437 1001 560 1056 naseitur
587 1019 667 1072 quam
686 1001 853 1056 Sessoritotem
872 1016 905 1055 ns

116 1099 238 1154 quaeque
266 1082 371 1153 speeies
395 1081 528 1154 quaedem
546 1081 667 1138 laetitiae
685 1087 728 1136 est
747 1081 824 1137 nulla
842 1082 905 1138 trist

117 1163 232 1227 mixtae,
252 1163 332 1235 enjus
350 1162 380 1218 in
399 1180 446 1233 spe
464 1161 630 1218 eontrarium
649 1161 759 1218 oceidit.

150 1320 179 1375 Si
199 1338 263 1375 vero
281 1338 336 1397 rens
355 1320 535 1376 neeessariam
554 1319 652 1375 malens
671 1318 814 1383 habemns,
838 1318 902 1373 inde

116 1400 238 1455 nascitur
256 1400 427 1470 Desperatio,
448 1418 517 1474 quse
536 1400 604 1456 nihil
623 1399 698 1456 eliud
718 1403 759 1454 est
778 1399 830 1453 nisi
847 1416 905 1470 quat

116 1479 195 1534 titiae
215 1480 327 1550 speeies.

150 1558 300 1631 Hucusque
319 1559 353 1614 de
371 1558 543 1629 passionibus
563 1559 644 1631 hujus
662 1560 761 1632 eapitis
779 1557 904 1613 affirmati

115 1641 197 1710 etque
224 1655 315 1692 earum
343 1637 501 1695 definitione
529 1639 617 1696 edoeti
629 1677 640 1704 ,
670 1639 801 1710 quidnam
829 1638 905 1705 singu

115 1734 161 1772 ees
194 1718 292 1782 etiem,
321 1718 427 1773 ratione
453 1717 578 1782 inversa,
607 1718 733 1790 negative
761 1717 873 1772 definire
900 1735 905 1788 q

116 1797 173 1851 uti:
202 1813 341 1867 speremus
368 1796 470 1852 malum
498 1814 552 1852 non
581 1801 757 1860 eventurum
788 1797 905 1851 mesninn

116 1893 170 1931 non
189 1877 326 1939 futurum
347 1877 548 1933 securisumus
568 1876 667 1932 malum
687 1893 742 1931 non
760 1881 905 1932 eventurus

116 1972 206 2010 ramus
227 1955 324 2010 bunum
344 1957 468 2011 futurum
488 1971 556 2012 esse.

150 2035 261 2097 Quibus
278 2052 339 2092 enm
359 2035 392 2090 de
411 2033 583 2106 passionibus
601 2036 668 2090 satis
686 2035 789 2092 dietum
807 2036 856 2097 sit.
878 2054 905 2108 qs

115 2116 185 2172 ideis
211 2117 335 2171 oriantur
363 2132 432 2186 quae
456 2114 490 2169 ad
508 2132 551 2169 res
569 2115 643 2186 ipsas
661 2117 814 2187 pertinent,
841 2116 898 2187 jam

115 2214 230 2268 quantur
248 2215 317 2269 quae
336 2214 369 2253 ex
386 2196 456 2252 ideis
475 2196 627 2268 procedunt
644 2198 680 2253 ad
699 2215 761 2252 eum
775 2198 905 2268 pertinent

114 2294 158 2332 res
185 2276 317 2350 percipit:
347 2276 407 2332 soil.
437 2275 484 2331 ubi
511 2277 547 2331 ad
575 2294 630 2332 rem
658 2277 825 2333 efficiendam
850 2278 905 2349 aliq

115 2357 243 2413 debemus
277 2375 365 2430 neque
398 2357 563 2413 desisionem
596 2357 630 2412 de
658 2374 690 2412 eo
714 2358 862 2419 faciamus,
893 2375 905 2411 n

113 2438 337 2494 eonstitutionem
358 2437 540 2501 nunoisoitur‚
562 2454 642 2509 quem
661 2438 863 2493 Ftoetoatiooem
881 2455 905 2490 vs

149 2594 206 2651 Ubi
224 2614 289 2653 vero
308 2614 383 2652 mens
400 2594 518 2652 viriliter
530 2595 564 2650 ad
577 2612 634 2651 rem
647 2596 782 2666 quendam
794 2595 905 2667 possibil

114 2675 228 2730 seudum
247 2675 367 2732 resoluta
379 2679 435 2735 est,
456 2673 516 2745 ejus
529 2675 691 2731 constitutio
700 2675 874 2746 Intrepiditas
882 2694 905 2729 vs
