2354 3412
638 99 677 158 72

479 279 604 336 CAPUT
623 277 831 336 summum.

281 437 319 477 DE
337 436 509 478 mmmmm
526 437 606 481 QUAE
623 437 664 476 An
681 436 766 476 DEUK
782 435 843 474 NON
861 434 1039 477 recommun-

222 579 278 636 Hic
302 579 360 650 jem
383 578 544 652 incipiemus
565 578 656 635 dicere
677 579 711 633 de
732 578 767 634 iis
788 577 948 633 attributis¹
978 594 1049 651 quse
1074 577 1138 633 Dec

187 658 300 716 attribui
320 657 424 724 solent,
445 676 494 714 noc
512 663 604 714 temen
622 659 647 713 ei
666 662 838 729 competunt,
859 658 900 712 uti
919 656 998 713 etde
1017 655 1054 712 iis
1071 656 1136 728 qui·

190 741 255 804 bos,
281 738 328 794 sed
347 740 460 802 frustra,
482 739 571 793 Deum
590 738 774 793 demonstrare
793 742 942 800 conantum
961 741 990 792 et
1007 737 1131 809 deniqne

188 820 222 873 dc
239 836 318 873 verce
337 816 504 872 definitionis
522 816 642 889 iegibus.

225 1055 270 1111 Ad
297 1056 348 1111 hoc
375 1055 529 1112 iaciendum
557 1072 611 1110 non
630 1055 747 1111 multum
765 1072 891 1112 curamus
910 1053 1135 1125 imaginationem

189 1157 270 1210 quem
295 1138 417 1193 homines
439 1138 473 1193 de
492 1138 550 1194 Dec
569 1138 666 1193 habere
685 1135 788 1200 solent,
819 1136 866 1189 sed
887 1133 1004 1190 breviter
1023 1137 1134 1190 tuntum

189 1219 358 1290 inquiremus
386 1218 452 1290 quid
481 1236 530 1273 nos
557 1215 712 1291 philosophi
739 1217 773 1271 de
800 1233 832 1270 eo
851 1213 954 1271 dicent.
989 1213 1029 1270 Hi
1048 1213 1134 1285 igitur

190 1299 278 1354 Deum
301 1299 379 1353 nobis
400 1298 563 1353 definierunt
584 1304 722 1369 tamquam
745 1294 838 1349 enode
852 1294 895 1348 vel
908 1312 942 1349 ex
954 1311 982 1348 se
994 1293 1133 1359 existens,

190 1379 311 1433 omnium
330 1395 456 1440 censam,
484 1378 673 1449 omnipotens,
693 1375 873 1440 omnisciens,
893 1379 1050 1439 oeternum,
1071 1374 1133 1429 sim·

190 1457 267 1529 plen,
297 1457 451 1519 infinitum,
481 1475 615 1513 summum
635 1458 750 1519 bonurn,
770 1455 893 1510 infinitae
914 1453 1130 1519 misericordiae,

191 1541 243 1594 etc.
288 1535 341 1591 sed
370 1541 514 1609 antequam
542 1539 577 1592 cd
605 1538 681 1594 illam
710 1535 929 1608 disquisitionem
956 1533 1133 1594 accedamus,

191 1615 333 1671 videamus
352 1617 417 1688 quid
437 1617 515 1672 uobis
533 1618 701 1674 concedent:

229 1853 265 1909 Et
283 1854 369 1925 primo
388 1855 496 1927 quidem
517 1855 627 1921 dicunt,
657 1855 709 1910 Dei
728 1871 818 1910 versm
837 1854 895 1910 sive
908 1853 1057 1926 legitimam
1071 1851 1133 1909 deii·

222 2057 247 2114 1)
279 2055 346 2103 Quod
369 2057 397 2103 ad
413 2072 439 2103 en
455 2057 575 2114 attributo,
599 2057 678 2116 quibus
695 2057 757 2104 Deus
772 2056 863 2114 existit,
887 2056 943 2103 nihil
958 2062 1012 2103 suut
1028 2055 1072 2104 nisi
1088 2054 1137 2102 sub·

192 2127 288 2174 stantiae
314 2127 425 2186 infinitus,
450 2143 542 2186 querum
567 2143 665 2186 quaeque
689 2129 775 2176 infinite
790 2129 887 2189 perfectu
903 2143 951 2174 esce
966 2127 1038 2176 debet.
1069 2124 1138 2174 Quoi

192 2199 317 2246 necessario
333 2200 365 2246 itu
380 2215 428 2246 esse
444 2199 509 2246 nobis
525 2199 641 2259 persuadet
649 2199 709 2246 clerc
724 2206 747 2246 et
755 2199 860 2247 distincte
870 2199 942 2255 ratio,
961 2213 1055 2257 quornm
1063 2203 1136 2244 huon

191 2271 303 2332 hucusque
319 2269 362 2316 duo
378 2276 465 2319 tuntum
482 2270 531 2332 ipsi
546 2285 620 2317 esrum
636 2269 734 2319 cosentit
748 2271 837 2329 cognitu
853 2284 901 2316 esse
917 2283 992 2315 verum
1008 2275 1057 2326 cst,
1081 2268 1137 2330 copi·

191 2343 246 2389 tatio
269 2355 347 2400 nempe
370 2347 392 2386 et
417 2342 523 2390 sciencie.
555 2341 637 2388 Omnis
660 2356 728 2402 porro
751 2355 807 2399 quoe
831 2341 880 2386 Deo
895 2339 990 2387 attribui
1004 2339 1079 2387 solent
1093 2352 1139 2384 ιοι

190 2412 314 2470 attributa,
331 2412 369 2459 scd
390 2413 445 2460 certi
461 2419 549 2461 tautum
563 2413 624 2461 modi
639 2419 693 2461 sunt
708 2427 764 2472 quue
780 2413 800 2458 ei
816 2411 908 2458 attribui
916 2414 1021 2472 possunt,
1037 2410 1072 2457 vei
1081 2406 1138 2468 quod

192 2483 219 2529 sd
243 2483 317 2530 omnio
341 2484 376 2530 uel
399 2484 458 2542 quod
474 2484 502 2531 nd
517 2499 585 2531 uuum
601 2487 649 2544 mus
665 2482 838 2541 attributorum,
862 2483 907 2540 uti,
932 2481 990 2541 quod
1005 2481 1034 2528 ad
1049 2479 1136 2537 unuin,

194 2554 254 2613 quod
269 2553 300 2601 sit
315 2561 430 2612 aeternus,
443 2571 483 2615 per
498 2570 522 2603 se
538 2555 672 2614 consistens,
688 2555 786 2603 omnium
801 2569 880 2612 ceusu,
898 2553 1022 2612 (infinitus,
1038 2551 1139 2601 ionum

195 2625 259 2682 biiis3
282 2625 341 2684 quod
357 2624 385 2670 ad
400 2640 483 2682 uuum,
508 2626 567 2686 quod
584 2627 613 2674 sit
629 2628 776 2686 omnisciens,
792 2625 879 2686 sepiens
894 2624 963 2685 (quod
979 2623 1006 2671 cd
1023 2623 1139 2687 cogitetis>-

193 2699 268 2753 nem),
284 2704 307 2743 et
322 2696 381 2755 quod
397 2697 426 2743 sit
443 2698 539 2756 ubique,
559 2697 618 2757 quod
634 2698 710 2745 omnia
726 2697 828 2757 impleat,
845 2701 887 2743 eto.
903 2695 972 2754 (quod
986 2693 1014 2741 ad
1030 2693 1141 2742 extensio·

191 2781 242 2813 nem
259 2768 373 2828 pertinet).
