2354 3412
564 89 602 146 66

111 257 227 308 stratum
247 255 288 306 est
307 250 341 304 ab
362 267 416 304 una
435 266 517 304 causa
536 249 626 305 omnia
646 249 779 320 pendere,
800 249 882 304 etiam
907 250 1015 305 causei

109 331 249 404 possibilis
276 348 334 386 esse
362 329 487 390 deberet:
516 329 589 402 quod
614 335 706 400 aperte
728 330 835 386 fulsum.

146 414 183 469 Et
211 411 283 484 quod
311 410 346 464 ad
377 411 499 470 alterum,
528 409 552 462 si
572 426 653 464 causa
672 408 721 464 illa
740 427 794 464 non
814 411 900 480 magis
918 411 952 464 ad
973 427 1018 464 unr

111 493 245 565 quemad
265 491 380 545 aiterum
400 489 603 560 producendum
623 488 667 543 vel
686 488 865 545 omittendum
877 490 1018 545 determinr

112 576 197 636 esset,
228 571 339 625 omnino
367 568 534 640 impossibile
563 574 649 632 esset,
679 576 709 624 ut
737 569 807 624 illud
832 569 874 624 rel
897 570 1018 640 produce

113 651 157 707 vel
175 651 332 714 omitteret;
352 648 424 722 quod
444 665 535 703 secum
554 653 667 719 pugnat.

150 897 233 957 Quod
259 896 315 966 jam
338 896 372 950 ad
392 895 505 949 alteram
524 897 711 966 quaestionem
730 897 845 960 attinet,
877 897 948 953 nihil
966 898 995 953 in
1014 916 1018 952 1

116 981 179 1032 tura
197 976 314 1031 existere
333 975 366 1029 de
380 991 434 1045 quo
452 974 543 1044 rogari
562 992 615 1028 non
636 977 735 1046 possit,
758 993 807 1031 cur
825 977 881 1032 siti
919 977 981 1033 Hoc
1000 996 1016 1032 n

117 1059 191 1111 trum
210 1055 314 1110 dictum
335 1053 563 1125 significatnobis
577 1055 770 1128 inquirendum
787 1075 844 1111 esse
858 1074 906 1127 per
918 1075 1018 1128 quamn

116 1153 225 1192 causum
245 1133 349 1205 aliquid
369 1133 513 1188 essentiale
533 1135 648 1197 existet;
670 1154 731 1189 nam
752 1136 805 1191 nisi
824 1155 906 1192 causa
925 1136 975 1191 illa
993 1153 1018 1191 er

116 1222 177 1280 tat,
197 1215 365 1286 impossibile
384 1222 426 1270 est
444 1215 514 1271 iliud
533 1216 637 1287 aliquid
657 1217 780 1272 existere.

152 1297 189 1352 Et
208 1295 274 1350 haec
293 1294 400 1366 quidem
416 1311 498 1350 cansa
510 1294 554 1348 vel
567 1296 596 1349 in
610 1312 637 1348 re
651 1295 695 1349 vel
708 1302 785 1349 extra
800 1314 853 1350 rem
867 1297 962 1367 quecri
976 1295 1018 1351 det

117 1377 147 1432 Si
166 1383 257 1431 autem
275 1374 369 1446 regule
382 1375 523 1446 quaeritur
535 1376 569 1429 ad
582 1374 787 1447 inquisitionem
802 1377 881 1431 istam
895 1377 1018 1433 faciende

118 1457 234 1512 dicimus
254 1455 364 1508 omniuo
384 1453 461 1508 nulla
480 1471 547 1524 opus
567 1473 624 1509 esse
647 1455 751 1519 videri;
772 1472 851 1518 nam,
872 1457 895 1510 si
918 1457 1018 1511 existen

117 1537 152 1600 ad
172 1537 210 1590 rei
229 1540 354 1589 naturam
375 1535 506 1604 pertinet,
528 1538 630 1589 certum
651 1541 693 1590 est
711 1553 820 1591 causam
833 1554 888 1592 non
900 1543 979 1593 extra
991 1537 1018 1595 ili

119 1615 198 1671 nobis
211 1616 391 1686 quaerendam
406 1632 472 1671 esse.
491 1616 530 1670 At
543 1615 565 1669 si
579 1614 629 1669 teli
644 1615 723 1669 modo
736 1633 790 1670 non
804 1634 832 1671 se
845 1616 941 1683 hebet,
957 1636 1018 1675 caus

118 1699 196 1751 extra
211 1694 285 1750 illam
305 1713 433 1767 quaerere
453 1693 589 1749 debemus.
610 1696 685 1756 Quia
702 1702 794 1748 autem
814 1697 930 1767 primum
949 1699 1018 1757 illud

118 1778 178 1831 Deo
192 1781 299 1831 tantum
319 1777 407 1831 locum
427 1776 522 1840 habet,
542 1776 696 1830 ostenditur
715 1777 768 1844 (uti
779 1775 836 1846 jam
850 1786 929 1833 antea
942 1780 1018 1835 fecim

120 1860 196 1914 Deus
224 1856 298 1910 solus
326 1856 447 1911 omnium
473 1857 587 1927 primam
615 1872 724 1910 causam
749 1873 816 1910 esse.
855 1857 892 1912 Et
909 1860 974 1914 inde
993 1878 1018 1932 pr

121 1938 203 1995 etiam
232 1937 303 1994 hanc
329 1941 358 1991 et
386 1936 461 1992 illam
489 1935 607 1991 hominis
635 1935 793 1990 volitionem
813 1937 979 2005 (voluntatis
997 1959 1018 1995 er

122 2018 182 2088 ejus
200 2016 347 2072 existentia
365 2015 400 2070 ad
413 2015 473 2085 ejus
486 2017 631 2070 essentiam
645 2033 697 2069 non
712 2017 844 2085 pertinet)
859 2033 968 2073 causum
983 2038 1018 2075 ex

122 2115 184 2152 nam
205 2096 303 2153 habere
322 2095 435 2159 debere,
456 2112 503 2167 per
524 2113 605 2167 quam
618 2096 771 2150 necessario
784 2100 896 2155 causata
911 2097 958 2152 eit.
988 2101 1018 2161 Q

123 2178 205 2233 etiam
240 2194 273 2230 ex
301 2176 427 2230 omnibus
452 2193 521 2246 quae
550 2176 578 2230 in
606 2174 657 2230 hoc
685 2178 773 2246 capite
800 2176 935 2240 diximus,
976 2181 1016 2235 ita

124 2257 222 2313 hebere
248 2260 336 2326 patet.
367 2260 394 2310 et
413 2256 499 2326 magis
518 2254 598 2310 etiem
620 2255 739 2324 patebit,
760 2259 869 2330 quaudo
888 2261 917 2314 in
936 2266 1013 2331 parte

125 2338 215 2394 cunda
234 2338 267 2391 de
288 2336 405 2391 hominis
424 2334 550 2390 libertate
570 2353 681 2406 agemus
700 2336 884 2410 dicemusque.

166 2882 300 2943 Omnibus
311 2882 384 2937 hisce
395 2880 429 2937 ab
441 2881 504 2936 eliis
515 2880 659 2952 objicitur,
674 2883 808 2955 quomodo
818 2885 875 2939 fieri
885 2886 987 2955 possit.
1003 2905 1018 2960 q

129 2965 222 3028 Deus,
252 2963 299 3036 qui
327 2980 431 3018 summe
456 2964 591 3036 perfectus
610 2967 637 3018 et
655 2963 753 3019 unicus
772 2967 912 3029 causator,
936 2966 1015 3021 ordin
