2354 3412
560 114 617 170 172

113 274 219 346 etquid
233 273 302 329 illud
316 274 352 329 sit
365 275 398 329 ab
413 292 467 329 uno
481 275 514 329 ad
528 276 643 331 alterum
656 276 773 331 transire
786 274 928 347 trahique,
946 290 1053 346 puerum

113 355 339 426 imaginabimur,
363 357 408 426 qui
430 357 515 427 prima
534 357 593 411 vice
612 355 646 410 ad
665 355 782 425 alicujus
802 355 840 408 rei
861 356 1053 426 perceptionem

113 436 268 506 perveniat:
298 453 343 489 ex.
363 453 402 505 gr.
421 435 638 490 tintinnabulum
657 435 682 488 ei
702 433 833 496 exhibeo,
853 433 926 505 quod
946 433 1052 488 auritus

113 515 172 585 ejus
191 521 298 586 gratum
317 514 435 569 efficiens
454 533 566 576 sonum,
588 514 738 586 appetitum
758 514 801 567 sui
821 514 845 567 oi
865 513 974 583 injicit;
992 513 1053 567 vido

109 594 182 664 jam.
203 612 267 649 uam
286 594 411 649 omittere
430 597 517 666 possit
535 596 686 666 appetitum
707 593 926 664 cupiditatemve
940 593 1051 648 habere?

113 673 300 729 Affirmautem
320 678 347 728 te
367 691 432 744 rogo
443 714 452 740 ,
471 693 525 747 qua
544 676 577 729 de
596 675 698 730 causat
720 692 773 728 uon
792 674 902 745 quidem
921 674 1008 746 aliqua
1023 688 1057 727 ro

113 772 194 826 quam
215 754 312 808 melius
331 756 487 825 cognoscit,
508 754 671 826 quiasolum
686 754 813 826 estquod
827 760 987 825 cognoscat:
1005 765 1058 808 uec

112 834 193 888 etiam
208 835 273 905 quia
286 833 385 888 malum
400 835 425 888 ei
439 836 490 899 sit,
512 835 580 889 nihil
594 835 669 889 atiud
683 836 754 889 euim
769 835 926 905 cognoscit,
942 839 969 888 et
980 839 1057 905 grat:

113 913 161 969 illa
180 915 318 985 perceptio
337 914 439 985 optima
458 920 500 969 est
517 932 587 985 quae
606 931 723 986 unquam
737 915 761 967 ei
775 914 915 969 acciderit.
941 913 1059 969 Habebit

113 1001 203 1051 autem
224 997 338 1050 fortasse
357 996 510 1051 libertatem
530 996 680 1066 appetitum
700 1011 779 1065 quem
800 993 880 1047 habet
893 991 1052 1063 seponendiz

113 1077 185 1131 unde
198 1076 284 1148 igitur
297 1081 455 1148 sequeretur
468 1077 618 1147 appetitum
633 1075 710 1129 illum
724 1075 752 1128 iu
767 1072 845 1127 nobis
860 1074 918 1127 sine
931 1073 1054 1129 libertate

112 1162 207 1212 nostra
225 1156 343 1227 incipere
363 1155 471 1226 quidem
491 1173 583 1226 posse,
605 1160 725 1209 attamen
738 1171 788 1208 noa
802 1153 956 1207 libertatem
969 1154 997 1208 iu
1009 1169 1055 1206 no·

113 1234 154 1289 bis
174 1234 271 1288 habere
290 1252 351 1287 enm
371 1235 521 1290 amovendi.
547 1235 623 1290 Haec
642 1251 706 1288 vero
721 1233 1052 1304 libertasexperimeutum

113 1332 166 1369 uon
181 1315 308 1376 sustinet;
323 1313 388 1385 quid
403 1313 474 1367 euim
486 1319 557 1368 esset
567 1314 636 1368 illud
647 1314 719 1385 quod
730 1313 882 1385 appetitum
892 1310 1052 1369 destrueret?
1095 1306 1098 1313 '

112 1396 251 1466 appetitus
269 1393 347 1464 ipset
385 1392 516 1457 Minime,
536 1394 672 1464 profecto:
694 1392 761 1448 nihil
776 1394 847 1447 euim
862 1398 920 1456 est,
941 1393 1050 1466 quodex

112 1474 222 1545 propria
241 1490 290 1527 sua
309 1477 407 1527 natura
426 1473 638 1527 destructionem
657 1489 732 1527 suam
748 1474 872 1544 quaerit:
894 1475 961 1545 quid
974 1474 1051 1545 igitur

112 1555 179 1615 erit,
193 1553 265 1626 qnod
276 1553 426 1624 appetitum
437 1551 515 1607 iitnm
526 1557 681 1610 removeat?
700 1553 769 1608 nihil
780 1553 872 1618 aliud,
887 1571 953 1608 sanc
960 1593 969 1619 ,
979 1570 1050 1626 quara

10 1700 14 1708 Ι
112 1633 183 1706 quod
203 1639 231 1686 et
250 1637 363 1686 naturae
383 1631 476 1686 ordine
495 1649 631 1704 cursuque
650 1633 783 1688 afficiatur
796 1633 830 1687 ab
843 1633 937 1705 aliqua
951 1649 1050 1706 requae

111 1714 201 1785 priore
226 1712 329 1781 gratior
348 1717 399 1765 est.
438 1712 637 1776 Quamobrem,
665 1714 706 1767 uti
726 1713 759 1766 de
778 1712 922 1766 voluntate
941 1719 1050 1768 tractae·

112 1799 153 1848 tes
178 1793 312 1856 diximus,
342 1792 512 1847 voluntatem
541 1794 569 1847 in
597 1792 752 1846 homiuibus
771 1791 809 1845 nil
830 1792 907 1847 aliud
928 1810 986 1847 esse
1004 1789 1049 1847 uisi

112 1873 181 1928 haue
209 1872 340 1944 illamque
369 1871 527 1926 vetitionem
557 1871 590 1925 ab
619 1872 669 1926 hau
697 1871 798 1943 itiaque
821 1871 883 1926 idea
902 1877 1050 1931 causatum
1096 1876 1098 1915 !

112 1953 151 2006 ita
179 1957 206 2006 et
235 1952 372 2023 cupiditas
391 1952 419 2006 iu
439 1969 470 2005 eo
490 1969 543 2006 uon
564 1958 606 2006 est
624 1957 731 2023 praeter
749 1953 823 2007 huuc
842 1952 958 2008 illumve
976 1951 1051 2026 parti·

111 2033 230 2087 autorem
250 2032 411 2102 appetitum.
435 2034 545 2093 Iterat,
566 2032 674 2103 quando
694 2032 810 2087 dicimus
829 2033 1010 2103 cupiditatem
1023 2033 1049 2087 li·

113 2112 202 2166 beram
222 2129 295 2174 esse,
317 2111 368 2166 hoc
387 2129 472 2182 aeque
490 2111 580 2165 valeat
599 2128 630 2165 ac
650 2112 671 2165 si
693 2112 844 2166 diceremus
859 2111 932 2167 huuc
947 2113 1052 2168 illumve

111 2193 261 2262 appetitum
282 2208 391 2246 causam
410 2191 452 2245 sui
472 2209 545 2253 esse,
568 2191 592 2246 h.
612 2209 634 2244 e.
657 2196 801 2262 autequam
822 2197 910 2254 esset,
940 2199 971 2246 ut
988 2195 1052 2247 esset

111 2273 238 2328 effecisse.
275 2270 357 2332 Quod
377 2273 435 2342 ipsa
454 2275 496 2325 est
519 2272 687 2336 absurditas,
720 2289 769 2326 uec
788 2272 878 2326 locum
899 2272 998 2327 habere
1015 2289 1053 2344 po·

110 2357 173 2406 test.
212 2352 356 2423 Cupiditas
375 2352 474 2423 igitur,
498 2351 662 2423 generaliter
681 2356 783 2413 sumta,
805 2351 870 2406 dum
890 2352 962 2407 nihil
980 2348 1050 2407 aliud
