<?xml version="1.0" encoding="UTF-8"?>
<!DOCTYPE html PUBLIC "-//W3C//DTD XHTML 1.0 Transitional//EN"
    "http://www.w3.org/TR/xhtml1/DTD/xhtml1-transitional.dtd">
<html xmlns="http://www.w3.org/1999/xhtml" xml:lang="en" lang="en">
 <head>
  <title>
</title>
<meta http-equiv="Content-Type" content="text/html;charset=utf-8" />
  <meta name='ocr-system' content='tesseract 3.04.00' />
  <meta name='ocr-capabilities' content='ocr_page ocr_carea ocr_par ocr_line ocrx_word'/>
</head>
<body>
  <div class='ocr_page' id='page_1' title='image "adbenedictidesp00spingoog_0024.png"; bbox 0 0 2354 3412; ppageno 0'>
   <div class='ocr_carea' id='block_1_1' title="bbox 641 123 659 180">
    <p class='ocr_par' dir='ltr' id='par_1_1' title="bbox 641 123 659 180">
     <span class='ocr_line' id='line_1_1' title="bbox 641 123 659 180; baseline 0 0"><span class='ocrx_word' id='word_1_1' title='bbox 641 123 659 180; x_wconf 88' lang='lat'>8</span> 
     </span>
    </p>
   </div>
   <div class='ocr_carea' id='block_1_2' title="bbox 177 281 1125 449">
    <p class='ocr_par' dir='ltr' id='par_1_2' title="bbox 177 281 1125 449">
     <span class='ocr_line' id='line_1_2' title="bbox 178 281 1125 356; baseline 0.001 -17"><span class='ocrx_word' id='word_1_2' title='bbox 178 284 243 339; x_wconf 85' lang='lat' dir='ltr'><strong>tiam</strong></span> <span class='ocrx_word' id='word_1_3' title='bbox 273 283 353 339; x_wconf 87' lang='lat' dir='ltr'><strong>habet</strong></span> <span class='ocrx_word' id='word_1_4' title='bbox 383 282 434 339; x_wconf 85' lang='lat' dir='ltr'><strong>hoe</strong></span> <span class='ocrx_word' id='word_1_5' title='bbox 462 283 553 355; x_wconf 83' lang='lat' dir='ltr'><strong>potius</strong></span> <span class='ocrx_word' id='word_1_6' title='bbox 582 301 663 356; x_wconf 89' lang='lat' dir='ltr'><strong>quam</strong></span> <span class='ocrx_word' id='word_1_7' title='bbox 690 283 759 339; x_wconf 88' lang='lat' dir='ltr'><strong>illud</strong></span> <span class='ocrx_word' id='word_1_8' title='bbox 788 282 941 354; x_wconf 84' lang='lat' dir='ltr'><strong>intelligere</strong></span> <span class='ocrx_word' id='word_1_9' title='bbox 965 281 1125 353; x_wconf 84' lang='lat' dir='ltr'><strong>incipiendi.</strong></span> 
     </span>
     <span class='ocr_line' id='line_1_3' title="bbox 177 361 1021 449; baseline 0 -31"><span class='ocrx_word' id='word_1_10' title='bbox 177 363 247 418; x_wconf 82' lang='lat' dir='ltr'><strong>Cum</strong></span> <span class='ocrx_word' id='word_1_11' title='bbox 265 364 419 449; x_wconf 85' lang='lat' dir='ltr'><strong>igiturnee</strong></span> <span class='ocrx_word' id='word_1_12' title='bbox 438 382 522 419; x_wconf 88' lang='lat' dir='ltr'><strong>unum</strong></span> <span class='ocrx_word' id='word_1_13' title='bbox 541 382 591 420; x_wconf 85' lang='lat' dir='ltr'><strong>nee</strong></span> <span class='ocrx_word' id='word_1_14' title='bbox 609 364 726 419; x_wconf 88' lang='lat' dir='ltr'><strong>alterum</strong></span> <span class='ocrx_word' id='word_1_15' title='bbox 744 363 844 434; x_wconf 81' lang='lat' dir='ltr'><strong>possit,</strong></span> <span class='ocrx_word' id='word_1_16' title='bbox 865 361 905 417; x_wconf 90' lang='lat' dir='ltr'><strong>nil</strong></span> <span class='ocrx_word' id='word_1_17' title='bbox 923 364 1021 433; x_wconf 82' lang='lat' dir='ltr'><strong>potest.</strong></span> 
     </span>
    </p>
   </div>
   <div class='ocr_carea' id='block_1_3' title="bbox 176 520 1125 754">
    <p class='ocr_par' dir='ltr' id='par_1_3' title="bbox 176 520 1125 754">
     <span class='ocr_line' id='line_1_4' title="bbox 213 520 1125 592; baseline -0.004 -14"><span class='ocrx_word' id='word_1_18' title='bbox 213 521 304 592; x_wconf 84' lang='lat' dir='ltr'><strong>Major</strong></span> <span class='ocrx_word' id='word_1_19' title='bbox 322 523 362 578; x_wconf 83' lang='lat' dir='ltr'><strong>sia</strong></span> <span class='ocrx_word' id='word_1_20' title='bbox 380 521 597 578; x_wconf 81' lang='lat' dir='ltr'><strong>demonstratur:</strong></span> <span class='ocrx_word' id='word_1_21' title='bbox 619 523 648 578; x_wconf 84' lang='lat' dir='ltr'><strong>Si</strong></span> <span class='ocrx_word' id='word_1_22' title='bbox 667 521 784 578; x_wconf 82' lang='lat' dir='ltr'><strong>hominis</strong></span> <span class='ocrx_word' id='word_1_23' title='bbox 799 520 874 576; x_wconf 81' lang='lat' dir='ltr'><strong>fictio</strong></span> <span class='ocrx_word' id='word_1_24' title='bbox 887 520 945 576; x_wconf 80' lang='lat' dir='ltr'><strong>sola</strong></span> <span class='ocrx_word' id='word_1_25' title='bbox 957 537 1040 576; x_wconf 81' lang='lat' dir='ltr'><strong>eausa</strong></span> <span class='ocrx_word' id='word_1_26' title='bbox 1053 522 1125 575; x_wconf 78' lang='lat' dir='ltr'><strong>esset</strong></span> 
     </span>
     <span class='ocr_line' id='line_1_5' title="bbox 176 598 1123 675; baseline -0.002 -20"><span class='ocrx_word' id='word_1_27' title='bbox 176 599 235 671; x_wconf 79' lang='lat' dir='ltr'><strong>ejus</strong></span> <span class='ocrx_word' id='word_1_28' title='bbox 254 602 347 666; x_wconf 86' lang='lat' dir='ltr'><strong>ideae,</strong></span> <span class='ocrx_word' id='word_1_29' title='bbox 377 618 431 657; x_wconf 87' lang='lat' dir='ltr'><strong>non</strong></span> <span class='ocrx_word' id='word_1_30' title='bbox 451 607 542 674; x_wconf 83' lang='lat' dir='ltr'><strong>posset</strong></span> <span class='ocrx_word' id='word_1_31' title='bbox 561 602 664 675; x_wconf 84' lang='lat' dir='ltr'><strong>aliquid</strong></span> <span class='ocrx_word' id='word_1_32' title='bbox 684 601 847 673; x_wconf 83' lang='lat' dir='ltr'><strong>intelligere.</strong></span> <span class='ocrx_word' id='word_1_33' title='bbox 886 600 938 657; x_wconf 85' lang='lat' dir='ltr'><strong>Sed</strong></span> <span class='ocrx_word' id='word_1_34' title='bbox 957 598 1062 672; x_wconf 88' lang='lat' dir='ltr'><strong>aliquid</strong></span> <span class='ocrx_word' id='word_1_35' title='bbox 1082 598 1123 654; x_wconf 92' lang='lat' dir='ltr'><strong>in·</strong></span> 
     </span>
     <span class='ocr_line' id='line_1_6' title="bbox 177 679 575 754; baseline 0.008 -20"><span class='ocrx_word' id='word_1_36' title='bbox 177 679 300 752; x_wconf 85' lang='lat' dir='ltr'><strong>telligere</strong></span> <span class='ocrx_word' id='word_1_37' title='bbox 319 686 419 753; x_wconf 86' lang='lat' dir='ltr'><strong>potest.</strong></span> <span class='ocrx_word' id='word_1_38' title='bbox 457 684 527 754; x_wconf 72' lang='lat' dir='ltr'><strong>Erqo</strong></span> <span class='ocrx_word' id='word_1_39' title='bbox 540 714 575 724; x_wconf 95' lang='lat'>-</span> 
     </span>
    </p>
   </div>
   <div class='ocr_carea' id='block_1_4' title="bbox 177 995 1125 1310">
    <p class='ocr_par' dir='ltr' id='par_1_4' title="bbox 177 995 1125 1310">
     <span class='ocr_line' id='line_1_7' title="bbox 212 995 1123 1070; baseline -0.003 -18"><span class='ocrx_word' id='word_1_40' title='bbox 212 997 319 1053; x_wconf 84' lang='lat' dir='ltr'>Deinde</span> <span class='ocrx_word' id='word_1_41' title='bbox 341 1015 403 1054; x_wconf 87' lang='lat' dir='ltr'><strong>eum</strong></span> <span class='ocrx_word' id='word_1_42' title='bbox 429 1016 476 1070; x_wconf 87' lang='lat' dir='ltr'><strong>per</strong></span> <span class='ocrx_word' id='word_1_43' title='bbox 498 998 611 1070; x_wconf 87' lang='lat' dir='ltr'><strong>primam</strong></span> <span class='ocrx_word' id='word_1_44' title='bbox 634 997 755 1068; x_wconf 88' lang='lat' dir='ltr'><strong>regulam</strong></span> <span class='ocrx_word' id='word_1_45' title='bbox 778 1014 821 1053; x_wconf 85' lang='lat' dir='ltr'><strong>res</strong></span> <span class='ocrx_word' id='word_1_46' title='bbox 842 995 1040 1064; x_wconf 76' lang='lat' dir='ltr'>cognoscibiles</span> <span class='ocrx_word' id='word_1_47' title='bbox 1063 996 1123 1051; x_wconf 87' lang='lat' dir='ltr'><strong>infi-</strong></span> 
     </span>
     <span class='ocr_line' id='line_1_8' title="bbox 178 1076 1125 1150; baseline -0.001 -19"><span class='ocrx_word' id='word_1_48' title='bbox 178 1076 252 1131; x_wconf 87' lang='lat' dir='ltr'><strong>nitae</strong></span> <span class='ocrx_word' id='word_1_49' title='bbox 280 1077 351 1142; x_wconf 81' lang='lat' dir='ltr'><strong>sint,</strong></span> <span class='ocrx_word' id='word_1_50' title='bbox 381 1081 409 1132; x_wconf 90' lang='lat' dir='ltr'><strong>et</strong></span> <span class='ocrx_word' id='word_1_51' title='bbox 436 1096 483 1150; x_wconf 84' lang='lat' dir='ltr'><strong>per</strong></span> <span class='ocrx_word' id='word_1_52' title='bbox 501 1078 648 1133; x_wconf 75' lang='lat' dir='ltr'><strong>secundam</strong></span> <span class='ocrx_word' id='word_1_53' title='bbox 667 1078 825 1134; x_wconf 78' lang='lat' dir='ltr'><strong>intellectus</strong></span> <span class='ocrx_word' id='word_1_54' title='bbox 844 1077 939 1132; x_wconf 80' lang='lat' dir='ltr'><strong>finitus</strong></span> <span class='ocrx_word' id='word_1_55' title='bbox 958 1093 1013 1132; x_wconf 89' lang='lat' dir='ltr'><strong>non</strong></span> <span class='ocrx_word' id='word_1_56' title='bbox 1032 1077 1125 1131; x_wconf 87' lang='lat' dir='ltr'><strong>omnia</strong></span> 
     </span>
     <span class='ocr_line' id='line_1_9' title="bbox 179 1155 1125 1229; baseline 0 -19"><span class='ocrx_word' id='word_1_57' title='bbox 179 1155 266 1226; x_wconf 78' lang='lat' dir='ltr'>possit</span> <span class='ocrx_word' id='word_1_58' title='bbox 284 1157 527 1228; x_wconf 76' lang='lat' dir='ltr'><strong>comprehendere,</strong></span> <span class='ocrx_word' id='word_1_59' title='bbox 547 1175 647 1229; x_wconf 87' lang='lat' dir='ltr'><strong>perque</strong></span> <span class='ocrx_word' id='word_1_60' title='bbox 666 1159 774 1213; x_wconf 86' lang='lat' dir='ltr'><strong>tertiam</strong></span> <span class='ocrx_word' id='word_1_61' title='bbox 794 1176 848 1213; x_wconf 89' lang='lat' dir='ltr'><strong>non</strong></span> <span class='ocrx_word' id='word_1_62' title='bbox 862 1157 961 1213; x_wconf 89' lang='lat' dir='ltr'><strong>habeat</strong></span> <span class='ocrx_word' id='word_1_63' title='bbox 972 1156 1125 1228; x_wconf 85' lang='lat' dir='ltr'><strong>potentiam</strong></span> 
     </span>
     <span class='ocr_line' id='line_1_10' title="bbox 177 1235 1123 1310; baseline 0.001 -20"><span class='ocrx_word' id='word_1_64' title='bbox 177 1235 227 1291; x_wconf 83' lang='lat' dir='ltr'><strong>hoe</strong></span> <span class='ocrx_word' id='word_1_65' title='bbox 251 1237 343 1308; x_wconf 82' lang='lat' dir='ltr'><strong>potius</strong></span> <span class='ocrx_word' id='word_1_66' title='bbox 368 1255 448 1308; x_wconf 82' lang='lat' dir='ltr'><strong>quam</strong></span> <span class='ocrx_word' id='word_1_67' title='bbox 474 1235 543 1292; x_wconf 87' lang='lat' dir='ltr'><strong>illud</strong></span> <span class='ocrx_word' id='word_1_68' title='bbox 563 1236 750 1310; x_wconf 81' lang='lat' dir='ltr'><strong>intelligendi,</strong></span> <span class='ocrx_word' id='word_1_69' title='bbox 781 1237 949 1309; x_wconf 82' lang='lat' dir='ltr'><strong>impossibile</strong></span> <span class='ocrx_word' id='word_1_70' title='bbox 968 1240 1055 1300; x_wconf 87' lang='lat' dir='ltr'><strong>esset,</strong></span> <span class='ocrx_word' id='word_1_71' title='bbox 1077 1242 1123 1301; x_wconf 85' lang='lat' dir='ltr'><strong>ut,</strong></span> 
     </span>
    </p>
   </div>
   <div class='ocr_carea' id='block_1_5' title="bbox 175 1315 1125 1466">
    <p class='ocr_par' dir='ltr' id='par_1_5' title="bbox 175 1315 1125 1466">
     <span class='ocr_line' id='line_1_11' title="bbox 177 1315 1125 1450; baseline 0.002 -80"><span class='ocrx_word' id='word_1_72' title='bbox 177 1315 230 1370; x_wconf 80' lang='lat' dir='ltr'><strong>nisi</strong></span> <span class='ocrx_word' id='word_1_73' title='bbox 255 1334 281 1450; x_wconf 79' lang='lat' dir='ltr'><strong>ta</strong></span> <span class='ocrx_word' id='word_1_74' title='bbox 315 1317 395 1372; x_wconf 90' lang='lat' dir='ltr'><strong>rebus</strong></span> <span class='ocrx_word' id='word_1_75' title='bbox 431 1318 551 1373; x_wconf 84' lang='lat' dir='ltr'><strong>externis</strong></span> <span class='ocrx_word' id='word_1_76' title='bbox 585 1318 802 1376; x_wconf 79' lang='lat' dir='ltr'><strong>determinatur.</strong></span> <span class='ocrx_word' id='word_1_77' title='bbox 837 1318 941 1391; x_wconf 88' lang='lat' dir='ltr'><strong>aliquid</strong></span> <span class='ocrx_word' id='word_1_78' title='bbox 970 1318 1125 1390; x_wconf 86' lang='lat' dir='ltr'><strong>intelligere</strong></span> 
     </span>
     <span class='ocr_line' id='line_1_12' title="bbox 175 1413 275 1466; baseline 0.01 -15"><span class='ocrx_word' id='word_1_79' title='bbox 175 1413 275 1466; x_wconf 82' lang='lat' dir='ltr'><strong>posse.</strong></span> 
     </span>
    </p>
   </div>
   <div class='ocr_carea' id='block_1_6' title="bbox 176 1554 1159 2345">
    <p class='ocr_par' dir='ltr' id='par_1_6' title="bbox 176 1554 1159 2345">
     <span class='ocr_line' id='line_1_13' title="bbox 212 1554 1124 1622; baseline 0.003 -14"><span class='ocrx_word' id='word_1_80' title='bbox 212 1554 313 1617; x_wconf 86' lang='lat' dir='ltr'><strong>Porro,</strong></span> <span class='ocrx_word' id='word_1_81' title='bbox 334 1555 424 1610; x_wconf 80' lang='lat' dir='ltr'><strong>dicere</strong></span> <span class='ocrx_word' id='word_1_82' title='bbox 443 1554 519 1610; x_wconf 85' lang='lat' dir='ltr'><strong>illam</strong></span> <span class='ocrx_word' id='word_1_83' title='bbox 537 1555 627 1611; x_wconf 86' lang='lat' dir='ltr'><strong>ideam</strong></span> <span class='ocrx_word' id='word_1_84' title='bbox 647 1556 783 1612; x_wconf 77' lang='lat' dir='ltr'><strong>fictionem</strong></span> <span class='ocrx_word' id='word_1_85' title='bbox 796 1574 855 1612; x_wconf 84' lang='lat' dir='ltr'><strong>ease</strong></span> <span class='ocrx_word' id='word_1_86' title='bbox 868 1555 967 1612; x_wconf 78' lang='lat' dir='ltr'><strong>falsum</strong></span> <span class='ocrx_word' id='word_1_87' title='bbox 983 1559 1042 1622; x_wconf 82' lang='lat' dir='ltr'><strong>est,</strong></span> <span class='ocrx_word' id='word_1_88' title='bbox 1061 1574 1124 1611; x_wconf 85' lang='lat' dir='ltr'><strong>nam</strong></span> 
     </span>
     <span class='ocr_line' id='line_1_14' title="bbox 177 1631 1124 1708; baseline 0.005 -21"><span class='ocrx_word' id='word_1_89' title='bbox 177 1633 347 1705; x_wconf 84' lang='lat' dir='ltr'><strong>impossibile</strong></span> <span class='ocrx_word' id='word_1_90' title='bbox 374 1640 416 1690; x_wconf 86' lang='lat' dir='ltr'><strong>est</strong></span> <span class='ocrx_word' id='word_1_91' title='bbox 443 1635 518 1690; x_wconf 88' lang='lat' dir='ltr'><strong>illam</strong></span> <span class='ocrx_word' id='word_1_92' title='bbox 544 1637 632 1691; x_wconf 82' lang='lat' dir='ltr'><strong>ideam</strong></span> <span class='ocrx_word' id='word_1_93' title='bbox 659 1636 757 1691; x_wconf 87' lang='lat' dir='ltr'><strong>habere</strong></span> <span class='ocrx_word' id='word_1_94' title='bbox 776 1636 829 1691; x_wconf 83' lang='lat' dir='ltr'><strong>nisi</strong></span> <span class='ocrx_word' id='word_1_95' title='bbox 848 1636 965 1699; x_wconf 84' lang='lat' dir='ltr'><strong>existet,</strong></span> <span class='ocrx_word' id='word_1_96' title='bbox 986 1631 1059 1708; x_wconf 80' lang='lat' dir='ltr'><strong>quo&#39;d</strong></span> <span class='ocrx_word' id='word_1_97' title='bbox 1078 1636 1124 1692; x_wconf 81' lang='lat' dir='ltr'><strong>hio</strong></span> 
     </span>
     <span class='ocr_line' id='line_1_15' title="bbox 176 1710 1125 1788; baseline 0.006 -23"><span class='ocrx_word' id='word_1_98' title='bbox 176 1710 394 1777; x_wconf 60' lang='lat' dir='ltr'><strong>demonstratum</strong></span> <span class='ocrx_word' id='word_1_99' title='bbox 416 1714 450 1769; x_wconf 88' lang='lat' dir='ltr'><strong>ad</strong></span> <span class='ocrx_word' id='word_1_100' title='bbox 469 1715 541 1786; x_wconf 88' lang='lat' dir='ltr'>quod</span> <span class='ocrx_word' id='word_1_101' title='bbox 561 1715 611 1770; x_wconf 79' lang='lat' dir='ltr'><strong>hoc</strong></span> <span class='ocrx_word' id='word_1_102' title='bbox 631 1715 772 1770; x_wconf 83' lang='lat' dir='ltr'><strong>addimus:</strong></span> <span class='ocrx_word' id='word_1_103' title='bbox 799 1716 901 1776; x_wconf 83' lang='lat' dir='ltr'><strong>Verum</strong></span> <span class='ocrx_word' id='word_1_104' title='bbox 915 1719 979 1779; x_wconf 80' lang='lat' dir='ltr'><strong>eat,</strong></span> <span class='ocrx_word' id='word_1_105' title='bbox 999 1716 1071 1788; x_wconf 91' lang='lat' dir='ltr'>quod</span> <span class='ocrx_word' id='word_1_106' title='bbox 1091 1717 1125 1770; x_wconf 90' lang='lat' dir='ltr'><strong>de</strong></span> 
     </span>
     <span class='ocr_line' id='line_1_16' title="bbox 177 1789 1124 1867; baseline 0.005 -22"><span class='ocrx_word' id='word_1_107' title='bbox 177 1789 254 1856; x_wconf 85' lang='lat' dir='ltr'><strong>idea,</strong></span> <span class='ocrx_word' id='word_1_108' title='bbox 284 1809 352 1863; x_wconf 86' lang='lat' dir='ltr'><strong>quae</strong></span> <span class='ocrx_word' id='word_1_109' title='bbox 381 1793 460 1848; x_wconf 90' lang='lat' dir='ltr'><strong>nobis</strong></span> <span class='ocrx_word' id='word_1_110' title='bbox 484 1795 600 1865; x_wconf 88' lang='lat' dir='ltr'><strong>primum</strong></span> <span class='ocrx_word' id='word_1_111' title='bbox 620 1795 653 1848; x_wconf 91' lang='lat' dir='ltr'><strong>de</strong></span> <span class='ocrx_word' id='word_1_112' title='bbox 672 1794 764 1867; x_wconf 84' lang='lat' dir='ltr'><strong>aliqua</strong></span> <span class='ocrx_word' id='word_1_113' title='bbox 783 1812 811 1850; x_wconf 87' lang='lat' dir='ltr'><strong>re</strong></span> <span class='ocrx_word' id='word_1_114' title='bbox 830 1794 956 1860; x_wconf 87' lang='lat' dir='ltr'><strong>advenit,</strong></span> <span class='ocrx_word' id='word_1_115' title='bbox 987 1796 1073 1851; x_wconf 87' lang='lat' dir='ltr'><strong>etita</strong></span> <span class='ocrx_word' id='word_1_116' title='bbox 1095 1796 1124 1850; x_wconf 84' lang='lat' dir='ltr'><strong>in</strong></span> 
     </span>
     <span class='ocr_line' id='line_1_17' title="bbox 177 1869 1126 1946; baseline 0.004 -21"><span class='ocrx_word' id='word_1_117' title='bbox 177 1869 364 1933; x_wconf 79' lang='lat' dir='ltr'><strong>abstractae</strong></span> <span class='ocrx_word' id='word_1_118' title='bbox 392 1873 470 1929; x_wconf 83' lang='lat' dir='ltr'><strong>nobis</strong></span> <span class='ocrx_word' id='word_1_119' title='bbox 498 1873 662 1946; x_wconf 83' lang='lat' dir='ltr'><strong>generaliter</strong></span> <span class='ocrx_word' id='word_1_120' title='bbox 689 1878 850 1946; x_wconf 80' lang='lat' dir='ltr'><strong>spectatur,</strong></span> <span class='ocrx_word' id='word_1_121' title='bbox 879 1874 978 1931; x_wconf 89' lang='lat' dir='ltr'><strong>deinde</strong></span> <span class='ocrx_word' id='word_1_122' title='bbox 996 1877 1025 1931; x_wconf 87' lang='lat' dir='ltr'><strong>in</strong></span> <span class='ocrx_word' id='word_1_123' title='bbox 1044 1875 1126 1931; x_wconf 85' lang='lat' dir='ltr'><strong>intet-</strong></span> 
     </span>
     <span class='ocr_line' id='line_1_18' title="bbox 179 1949 1124 2027; baseline 0.003 -22"><span class='ocrx_word' id='word_1_124' title='bbox 179 1949 254 2007; x_wconf 85' lang='lat' dir='ltr'><strong>lectu</strong></span> <span class='ocrx_word' id='word_1_125' title='bbox 282 1956 375 2008; x_wconf 83' lang='lat' dir='ltr'><strong>nostro</strong></span> <span class='ocrx_word' id='word_1_126' title='bbox 403 1954 495 2025; x_wconf 77' lang='lat' dir='ltr'><strong>plures</strong></span> <span class='ocrx_word' id='word_1_127' title='bbox 514 1953 745 2027; x_wconf 77' lang='lat' dir='ltr'><strong>particularitates</strong></span> <span class='ocrx_word' id='word_1_128' title='bbox 765 1955 914 2026; x_wconf 85' lang='lat' dir='ltr'><strong>fingemus,</strong></span> <span class='ocrx_word' id='word_1_129' title='bbox 939 1949 1046 2027; x_wconf 76' lang='lat' dir='ltr'><strong>&#39;quibus</strong></span> <span class='ocrx_word' id='word_1_130' title='bbox 1065 1957 1124 2008; x_wconf 88' lang='lat' dir='ltr'><strong>tum</strong></span> 
     </span>
     <span class='ocr_line' id='line_1_19' title="bbox 178 2031 1125 2104; baseline 0.003 -18"><span class='ocrx_word' id='word_1_131' title='bbox 178 2031 261 2087; x_wconf 86' lang='lat' dir='ltr'><strong>etiam</strong></span> <span class='ocrx_word' id='word_1_132' title='bbox 290 2034 369 2104; x_wconf 82' lang='lat' dir='ltr'><strong>plura</strong></span> <span class='ocrx_word' id='word_1_133' title='bbox 387 2034 443 2089; x_wconf 86' lang='lat' dir='ltr'><strong>alia</strong></span> <span class='ocrx_word' id='word_1_134' title='bbox 461 2038 489 2089; x_wconf 83' lang='lat' dir='ltr'><strong>et</strong></span> <span class='ocrx_word' id='word_1_135' title='bbox 507 2034 542 2089; x_wconf 88' lang='lat' dir='ltr'><strong>ab</strong></span> <span class='ocrx_word' id='word_1_136' title='bbox 560 2034 622 2089; x_wconf 86' lang='lat' dir='ltr'><strong>aliis</strong></span> <span class='ocrx_word' id='word_1_137' title='bbox 642 2034 722 2090; x_wconf 80' lang='lat' dir='ltr'><strong>retur</strong></span> <span class='ocrx_word' id='word_1_138' title='bbox 740 2034 879 2091; x_wconf 81' lang='lat' dir='ltr'><strong>abstracta</strong></span> <span class='ocrx_word' id='word_1_139' title='bbox 897 2033 1031 2090; x_wconf 88' lang='lat' dir='ltr'><strong>attributa</strong></span> <span class='ocrx_word' id='word_1_140' title='bbox 1049 2033 1125 2089; x_wconf 81' lang='lat' dir='ltr'><strong>affin·</strong></span> 
     </span>
     <span class='ocr_line' id='line_1_20' title="bbox 178 2113 1159 2188; baseline 0.002 -22"><span class='ocrx_word' id='word_1_141' title='bbox 178 2129 242 2182; x_wconf 86' lang='lat' dir='ltr'><strong>gere</strong></span> <span class='ocrx_word' id='word_1_142' title='bbox 261 2129 421 2183; x_wconf 82' lang='lat' dir='ltr'><strong>possumua;</strong></span> <span class='ocrx_word' id='word_1_143' title='bbox 442 2114 489 2168; x_wconf 80' lang='lat' dir='ltr'><strong>aed</strong></span> <span class='ocrx_word' id='word_1_144' title='bbox 509 2114 560 2170; x_wconf 86' lang='lat' dir='ltr'><strong>hoe</strong></span> <span class='ocrx_word' id='word_1_145' title='bbox 578 2115 636 2169; x_wconf 85' lang='lat' dir='ltr'><strong>fieri</strong></span> <span class='ocrx_word' id='word_1_146' title='bbox 655 2114 766 2188; x_wconf 88' lang='lat' dir='ltr'><strong>nequit,</strong></span> <span class='ocrx_word' id='word_1_147' title='bbox 788 2115 840 2170; x_wconf 81' lang='lat' dir='ltr'><strong>nisi</strong></span> <span class='ocrx_word' id='word_1_148' title='bbox 860 2115 977 2186; x_wconf 88' lang='lat' dir='ltr'><strong>primum</strong></span> <span class='ocrx_word' id='word_1_149' title='bbox 992 2131 1034 2168; x_wconf 83' lang='lat' dir='ltr'><strong>rea</strong></span> <span class='ocrx_word' id='word_1_150' title='bbox 1047 2113 1123 2184; x_wconf 79' lang='lat' dir='ltr'><strong>ipra,</strong></span> <span class='ocrx_word' id='word_1_151' title='bbox 1155 2176 1159 2182; x_wconf 19' lang='lat'>¹</span> 
     </span>
     <span class='ocr_line' id='line_1_21' title="bbox 180 2191 1124 2267; baseline 0.003 -21"><span class='ocrx_word' id='word_1_152' title='bbox 180 2208 269 2264; x_wconf 87' lang='lat' dir='ltr'><strong>aqua</strong></span> <span class='ocrx_word' id='word_1_153' title='bbox 287 2191 425 2249; x_wconf 82' lang='lat' dir='ltr'><strong>abstracta</strong></span> <span class='ocrx_word' id='word_1_154' title='bbox 444 2198 524 2261; x_wconf 82' lang='lat' dir='ltr'><strong>sunt,</strong></span> <span class='ocrx_word' id='word_1_155' title='bbox 544 2195 654 2266; x_wconf 85' lang='lat' dir='ltr'><strong>cognita</strong></span> <span class='ocrx_word' id='word_1_156' title='bbox 669 2194 761 2250; x_wconf 80' lang='lat' dir='ltr'><strong>fuerit.</strong></span> <span class='ocrx_word' id='word_1_157' title='bbox 792 2193 845 2249; x_wconf 84' lang='lat' dir='ltr'><strong>Sed</strong></span> <span class='ocrx_word' id='word_1_158' title='bbox 855 2195 945 2267; x_wconf 82' lang='lat' dir='ltr'><strong>posito</strong></span> <span class='ocrx_word' id='word_1_159' title='bbox 955 2193 1025 2249; x_wconf 85' lang='lat' dir='ltr'><strong>hana</strong></span> <span class='ocrx_word' id='word_1_160' title='bbox 1035 2192 1124 2249; x_wconf 88' lang='lat' dir='ltr'><strong>ideam</strong></span> 
     </span>
     <span class='ocr_line' id='line_1_22' title="bbox 180 2271 1122 2345; baseline 0.002 -19"><span class='ocrx_word' id='word_1_161' title='bbox 180 2271 318 2327; x_wconf 81' lang='lat' dir='ltr'><strong>fictionem</strong></span> <span class='ocrx_word' id='word_1_162' title='bbox 346 2291 420 2338; x_wconf 81' lang='lat' dir='ltr'><strong>ease,</strong></span> <span class='ocrx_word' id='word_1_163' title='bbox 449 2278 478 2330; x_wconf 89' lang='lat' dir='ltr'><strong>et</strong></span> <span class='ocrx_word' id='word_1_164' title='bbox 505 2291 598 2330; x_wconf 84' lang='lat' dir='ltr'><strong>omnes</strong></span> <span class='ocrx_word' id='word_1_165' title='bbox 626 2273 696 2330; x_wconf 84' lang='lat' dir='ltr'><strong>aliae</strong></span> <span class='ocrx_word' id='word_1_166' title='bbox 724 2274 816 2340; x_wconf 87' lang='lat' dir='ltr'><strong>ideae,</strong></span> <span class='ocrx_word' id='word_1_167' title='bbox 846 2292 914 2345; x_wconf 86' lang='lat' dir='ltr'><strong>quas</strong></span> <span class='ocrx_word' id='word_1_168' title='bbox 942 2273 1072 2329; x_wconf 80' lang='lat' dir='ltr'><strong>habemus</strong></span> <span class='ocrx_word' id='word_1_169' title='bbox 1090 2277 1122 2340; x_wconf 78' lang='lat'><strong>¹),</strong></span> 
     </span>
    </p>
   </div>
   <div class='ocr_carea' id='block_1_7' title="bbox 180 2641 213 2656">
    <p class='ocr_par' dir='ltr' id='par_1_7' title="bbox 180 2641 213 2656">
     <span class='ocr_line' id='line_1_23' title="bbox 180 2641 213 2656; baseline 0 -3"><span class='ocrx_word' id='word_1_170' title='bbox 180 2641 213 2656; x_wconf 56' lang='lat' dir='ltr'>Q</span> 
     </span>
    </p>
   </div>
   <div class='ocr_carea' id='block_1_8' title="bbox 178 2704 1128 2980">
    <p class='ocr_par' dir='ltr' id='par_1_8' title="bbox 178 2704 1128 2980">
     <span class='ocr_line' id='line_1_24' title="bbox 211 2704 1126 2769; baseline 0.002 -19"><span class='ocrx_word' id='word_1_171' title='bbox 211 2707 235 2763; x_wconf 91' lang='lat'><strong>1)</strong></span> <span class='ocrx_word' id='word_1_172' title='bbox 260 2704 324 2753; x_wconf 80' lang='lat' dir='ltr'><strong>Aliae</strong></span> <span class='ocrx_word' id='word_1_173' title='bbox 348 2705 410 2753; x_wconf 82' lang='lat' dir='ltr'><strong>ideae</strong></span> <span class='ocrx_word' id='word_1_174' title='bbox 425 2722 473 2753; x_wconf 81' lang='lat' dir='ltr'><strong>ease</strong></span> <span class='ocrx_word' id='word_1_175' title='bbox 489 2713 598 2769; x_wconf 78' lang='lat' dir='ltr'><strong>poseant,</strong></span> <span class='ocrx_word' id='word_1_176' title='bbox 623 2721 669 2753; x_wconf 84' lang='lat' dir='ltr'><strong>nen</strong></span> <span class='ocrx_word' id='word_1_177' title='bbox 684 2721 737 2755; x_wconf 73' lang='lat' dir='ltr'><strong>aero</strong></span> <span class='ocrx_word' id='word_1_178' title='bbox 753 2722 843 2755; x_wconf 78' lang='lat' dir='ltr'><strong>necesse</strong></span> <span class='ocrx_word' id='word_1_179' title='bbox 858 2712 893 2756; x_wconf 83' lang='lat' dir='ltr'><strong>eat</strong></span> <span class='ocrx_word' id='word_1_180' title='bbox 909 2712 934 2755; x_wconf 86' lang='lat' dir='ltr'><strong>at</strong></span> <span class='ocrx_word' id='word_1_181' title='bbox 951 2707 1008 2763; x_wconf 84' lang='lat' dir='ltr'><strong>sint,</strong></span> <span class='ocrx_word' id='word_1_182' title='bbox 1032 2721 1126 2765; x_wconf 82' lang='lat' dir='ltr'><strong>quarum</strong></span> 
     </span>
     <span class='ocr_line' id='line_1_25' title="bbox 179 2775 1127 2839; baseline 0.004 -19"><span class='ocrx_word' id='word_1_183' title='bbox 179 2790 245 2834; x_wconf 83' lang='lat' dir='ltr'><strong>vero,</strong></span> <span class='ocrx_word' id='word_1_184' title='bbox 274 2775 320 2823; x_wconf 84' lang='lat' dir='ltr'><strong>aiat</strong></span> <span class='ocrx_word' id='word_1_185' title='bbox 343 2777 377 2823; x_wconf 83' lang='lat' dir='ltr'><strong>vel</strong></span> <span class='ocrx_word' id='word_1_186' title='bbox 402 2791 448 2823; x_wconf 88' lang='lat' dir='ltr'><strong>non</strong></span> <span class='ocrx_word' id='word_1_187' title='bbox 473 2779 531 2834; x_wconf 79' lang='lat' dir='ltr'><strong>aiat,</strong></span> <span class='ocrx_word' id='word_1_188' title='bbox 561 2775 657 2824; x_wconf 77' lang='lat' dir='ltr'><strong>essentia</strong></span> <span class='ocrx_word' id='word_1_189' title='bbox 681 2791 767 2839; x_wconf 80' lang='lat' dir='ltr'><strong>semper</strong></span> <span class='ocrx_word' id='word_1_190' title='bbox 788 2777 913 2825; x_wconf 79' lang='lat' dir='ltr'><strong>neaeraaria</strong></span> <span class='ocrx_word' id='word_1_191' title='bbox 936 2784 983 2835; x_wconf 87' lang='lat' dir='ltr'><strong>eet,</strong></span> <span class='ocrx_word' id='word_1_192' title='bbox 1008 2777 1042 2824; x_wconf 90' lang='lat' dir='ltr'><strong>uti</strong></span> <span class='ocrx_word' id='word_1_193' title='bbox 1064 2776 1127 2824; x_wconf 80' lang='lat' dir='ltr'><strong>ideae</strong></span> 
     </span>
     <span class='ocr_line' id='line_1_26' title="bbox 178 2845 1128 2910; baseline 0.003 -18"><span class='ocrx_word' id='word_1_194' title='bbox 178 2845 287 2905; x_wconf 76' lang='lat' dir='ltr'><strong>trianguli</strong></span> <span class='ocrx_word' id='word_1_195' title='bbox 310 2852 333 2893; x_wconf 90' lang='lat' dir='ltr'><strong>et</strong></span> <span class='ocrx_word' id='word_1_196' title='bbox 357 2847 439 2894; x_wconf 81' lang='lat' dir='ltr'><strong>amoris</strong></span> <span class='ocrx_word' id='word_1_197' title='bbox 464 2846 487 2893; x_wconf 88' lang='lat' dir='ltr'><strong>in</strong></span> <span class='ocrx_word' id='word_1_198' title='bbox 512 2847 587 2894; x_wconf 85' lang='lat' dir='ltr'><strong>animo</strong></span> <span class='ocrx_word' id='word_1_199' title='bbox 604 2845 652 2893; x_wconf 87' lang='lat' dir='ltr'><strong>sine</strong></span> <span class='ocrx_word' id='word_1_200' title='bbox 668 2862 774 2909; x_wconf 76' lang='lat' dir='ltr'><strong>corpure,</strong></span> <span class='ocrx_word' id='word_1_201' title='bbox 798 2856 841 2897; x_wconf 89' lang='lat' dir='ltr'><strong>ete.</strong></span> <span class='ocrx_word' id='word_1_202' title='bbox 863 2849 895 2896; x_wconf 79' lang='lat' dir='ltr'><strong>ita</strong></span> <span class='ocrx_word' id='word_1_203' title='bbox 912 2854 948 2905; x_wconf 80' lang='lat' dir='ltr'><strong>ut,</strong></span> <span class='ocrx_word' id='word_1_204' title='bbox 973 2848 1015 2896; x_wconf 85' lang='lat' dir='ltr'><strong>etei</strong></span> <span class='ocrx_word' id='word_1_205' title='bbox 1031 2847 1128 2910; x_wconf 84' lang='lat' dir='ltr'><strong>primum</strong></span> 
     </span>
     <span class='ocr_line' id='line_1_27' title="bbox 180 2917 1127 2980; baseline 0.004 -18"><span class='ocrx_word' id='word_1_206' title='bbox 180 2923 279 2978; x_wconf 79' lang='lat' dir='ltr'><strong>putarem</strong></span> <span class='ocrx_word' id='word_1_207' title='bbox 297 2931 332 2963; x_wconf 83' lang='lat' dir='ltr'><strong>me</strong></span> <span class='ocrx_word' id='word_1_208' title='bbox 347 2917 397 2965; x_wconf 86' lang='lat' dir='ltr'><strong>illae</strong></span> <span class='ocrx_word' id='word_1_209' title='bbox 413 2917 515 2976; x_wconf 72' lang='lat' dir='ltr'><strong>finxisse,</strong></span> <span class='ocrx_word' id='word_1_210' title='bbox 539 2923 614 2965; x_wconf 85' lang='lat' dir='ltr'><strong>tamen</strong></span> <span class='ocrx_word' id='word_1_211' title='bbox 630 2917 709 2966; x_wconf 80' lang='lat' dir='ltr'><strong>deinde</strong></span> <span class='ocrx_word' id='word_1_212' title='bbox 725 2934 816 2980; x_wconf 78' lang='lat' dir='ltr'><strong>cogerer</strong></span> <span class='ocrx_word' id='word_1_213' title='bbox 832 2919 904 2967; x_wconf 73' lang='lat' dir='ltr'><strong>dicere</strong></span> <span class='ocrx_word' id='word_1_214' title='bbox 922 2918 972 2966; x_wconf 88' lang='lat' dir='ltr'><strong>illae</strong></span> <span class='ocrx_word' id='word_1_215' title='bbox 990 2934 1036 2966; x_wconf 83' lang='lat' dir='ltr'><strong>non</strong></span> <span class='ocrx_word' id='word_1_216' title='bbox 1053 2917 1127 2966; x_wconf 81' lang='lat' dir='ltr'><strong>minue</strong></span> 
     </span>
    </p>
   </div>
   <div class='ocr_carea' id='block_1_9' title="bbox 0 0 1185 3412">
    <p class='ocr_par' dir='ltr' id='par_1_9' title="bbox 0 0 1185 3412">
     <span class='ocr_line' id='line_1_28' title="bbox 0 0 1185 3412; baseline 0 0"><span class='ocrx_word' id='word_1_217' title='bbox 0 0 1185 3412; x_wconf 95' lang='lat' dir='ltr'><strong> </strong></span> 
     </span>
    </p>
   </div>
  </div>
 </body>
</html>
