2354 3412
465 179 696 222 recurram.
1016 174 1056 221 m

155 372 243 449 Quod
263 372 302 431 ad
322 373 441 431 alterum
461 373 491 432 in
506 374 707 452 Supplemento
720 375 804 434 hocce
818 374 953 452 Spinozae
969 393 1054 452 opus·

114 465 227 535 culum,
254 465 453 532 ⁵Tractatnlum
475 464 517 523 de'
530 465 622 534 Iride,
651 464 765 534 attinet,
788 464 964 521 mirabuntur
984 463 1055 521 forte

113 553 234 611 lectores
255 553 359 611 librum
380 553 415 611 de
430 573 486 631 quo
499 560 657 631 postremus
671 572 787 630 operum
801 552 892 610 editor
908 549 1055 610 affirmavit

113 648 259 700 auctorem
281 661 346 700 eum
367 661 438 711 „sex
457 642 600 701 mensibus
620 647 684 701 ante
704 641 811 699 obitum
832 640 861 698 in
875 640 969 716 ignem
989 659 1055 698 con·

110 733 233 808 jecisse'’
254 733 315 803 hic,
336 734 526 792 salamandrae
546 733 646 800 instar,
668 730 801 788 intactum
823 751 837 787 e
857 729 976 787 flammis
989 748 1054 806 pro-

113 821 229 892 cedere3
251 821 472 881 animadvertant
487 828 596 890 autem,
617 819 717 889 velim,
732 818 951 877 combustionem
966 819 1054 889 illam,

114 911 150 968 dc
182 931 240 988 qua
267 911 351 969 hodie
374 911 470 969 nullus
491 910 618 968 dubitare
639 908 766 977 videtur,
797 908 875 985 ipsos
894 906 1055 985 philosophi

114 1000 236 1069 amicos,
258 1000 408 1077 posthuma
429 1000 489 1075 ejus
510 1019 594 1077 opera
614 997 744 1066 edentes,
770 997 859 1055 multo
879 997 1055 1055 incertiorem

114 1089 259 1147 babuisse.
289 1088 465 1165 Scripserunt
485 1087 574 1146 enim:
597 1086 780 1156 „tractatulus
801 1086 836 1143 de
856 1086 948 1155 Iride,
971 1104 1056 1163 quem

114 1182 183 1234 unte
197 1176 307 1253 aliquot
321 1195 425 1246 annos,
447 1182 478 1233 11
492 1175 659 1253 quibusdam
673 1181 787 1244 notum,
809 1174 981 1250 composuit,
1001 1175 1056 1230 atsi

114 1285 177 1323 eum
197 1266 257 1340 igni
278 1265 440 1334 tradiderit,
472 1271 503 1322 ut
523 1263 667 1341 probabile
688 1269 746 1332 est,
774 1264 874 1321 alicubi
894 1263 1056 1322 delitescit.”

116 1353 205 1430 Quod
227 1373 291 1412 1110
311 1353 367 1431 ipsi
387 1353 561 1431 probabilius
581 1360 689 1411 tantum
710 1352 847 1422 habuere,
869 1352 904 1410 ab
925 1352 988 1409 aliis
1006 1371 1056 1410 au·

115 1450 176 1501 tem
189 1477 231 1488 -
244 1444 287 1501 uti
308 1443 408 1501 Colero
430 1443 637 1519 Kortholtoque
655 1475 692 1487 -
707 1451 840 1519 tanquam
852 1459 897 1498 res
912 1439 1056 1517 11011110-

115 1532 243 1609 positum
267 1532 335 1602 fuit,
363 1532 456 1590 locum
477 1552 533 1590 non
553 1531 682 1589 habuisse
703 1535 793 1607 patet,
821 1529 1057 1605 tractatulumque

116 1626 231 1680 econtra
245 1620 349 1678 alicubi
363 1620 517 1678 delituisse.
539 1621 599 1677 Nec
609 1638 673 1676 vero
685 1618 831 1677 ineditum.
853 1618 970 1676 Decimo
982 1617 1057 1675 enim

116 1729 191 1768 anno
213 1728 248 1766 ex
269 1729 326 1786 quo
346 1710 446 1767 ultima
467 1708 574 1766 obierat
593 1708 774 1777 auctoriate,
799 1707 1056 1783 Hegea-Comitum

117 1798 194 1874 apud
208 1798 276 1855 Lev.
292 1817 344 1855 van
359 1797 442 1871 Dijak
456 1797 516 1854 sine
529 1796 642 1854 nomine
656 1796 776 1854 auctoris
789 1796 904 1872 Belgica
918 1796 948 1853 in
962 1797 1054 1854 lucem

117 1886 240 1964 prodiit,
263 1885 340 1944 illius
357 1886 474 1944 fortasse
488 1905 553 1944 cura
567 1885 612 1943 cui
621 1885 746 1961 'Spinoza
760 1891 841 1944 antea
854 1886 1057 1963 perlegendum

119 1975 250 2044 dederat,
284 1976 390 2053 quique
417 1981 528 2033 mortuo
562 1974 729 2052 philosopho
758 1974 909 2033 retinuerat
937 1994 1056 2051 opuscu-

118 2066 178 2123 lum
189 2062 212 2122 1.
233 2064 356 2122 Unicum
373 2065 518 2141 hucusque
539 2063 680 2140 cognitum
695 2064 836 2140 exemplar
851 2058 942 2121 aredi.
957 2063 1059 2120 iterum

118 2152 237 2212 Mnlleri
257 2151 420 2228 diligentiae
441 2151 590 2222 debemus,
616 2154 661 2212 cui
682 2154 790 2231 aliquot
806 2155 864 2230 jam
885 2160 949 2213 ante
970 2172 1058 2211 annos

119 2241 291 2319 acquisitum
317 2241 380 2299 suit.
422 2240 506 2316 Quod
527 2241 579 2298 etsi
599 2241 713 2317 Belgica
733 2243 830 2319 procul
851 2242 937 2300 dubio
958 2261 974 2299 a
994 2240 1058 2318 phi-

119 2330 240 2407 losopho
261 2329 465 2407 conscriptum,
498 2335 656 2388 exterorum
676 2331 839 2408 praesertim
859 2350 958 2401 causa,
994 2351 1058 2390 cum

120 2419 248 2477 versione
268 2418 368 2476 Latina
388 2418 433 2474 hic
454 2417 594 2475 edendum
614 2419 719 2496 putari.
740 2420 820 2494 Rogo
835 2425 928 2477 autem
942 2419 1058 2479 lectores

122 2508 288 2577 benevolos,
310 2514 342 2566 ut
363 2527 450 2565 unum
468 2508 642 2585 alterumque
655 2509 804 2585 perlecturi
819 2509 984 2585 opusculum
999 2529 1059 2567 cor·

121 2598 238 2674 riganda
252 2597 401 2674 inspiciant
415 2597 467 2654 sub
481 2597 583 2654 calcem
598 2615 714 2654 annexa.
738 2597 822 2672 Quod
838 2597 873 2654 ad
885 2597 1061 2656 Collectanea

122 2707 195 2765 quae
216 2692 384 2762 sequuntur,
415 2685 556 2743 advitam
578 2685 772 2762 etepistolas‚
805 2685 909 2755 sciant,
940 2705 1058 2762 quaeso,

123 2776 217 2845 illam,
250 2774 285 2831 de
315 2793 372 2851 qua
403 2777 415 2850 1
439 2778 454 2831 l
484 2774 503 2832 l.
531 2778 547 2830 9
576 2780 603 2831 11
628 2794 685 2851 seq.
706 2775 820 2850 legitur,
850 2774 1060 2851 inscriptionem

148 2953 162 3022 l
196 2973 259 3020 Idem
284 2978 339 3033 puto
362 2971 401 3018 illc
422 2971 442 3019 1.
465 2988 487 3021 r.
503 2972 536 3019 Μ.
556 2974 592 3019 011
609 2973 705 3034 Spinoaa
721 2972 743 3020 in
759 2973 854 3033 epistola
869 2988 909 3020 sua
925 2967 970 3020 43³
987 2988 1063 3031 quaes-

118 3045 201 3092 tionem
217 3043 286 3091 aolrit
301 3043 472 3090 arithmeticam.
