<?xml version="1.0" encoding="UTF-8"?>
<!DOCTYPE html PUBLIC "-//W3C//DTD XHTML 1.0 Transitional//EN"
    "http://www.w3.org/TR/xhtml1/DTD/xhtml1-transitional.dtd">
<html xmlns="http://www.w3.org/1999/xhtml" xml:lang="en" lang="en">
 <head>
  <title>
</title>
<meta http-equiv="Content-Type" content="text/html;charset=utf-8" />
  <meta name='ocr-system' content='tesseract 3.04.00' />
  <meta name='ocr-capabilities' content='ocr_page ocr_carea ocr_par ocr_line ocrx_word'/>
</head>
<body>
  <div class='ocr_page' id='page_1' title='image "adbenedictidesp00spingoog_0188.png"; bbox 0 0 2354 3412; ppageno 0'>
   <div class='ocr_carea' id='block_1_1' title="bbox 643 129 701 187">
    <p class='ocr_par' dir='ltr' id='par_1_1' title="bbox 643 129 701 187">
     <span class='ocr_line' id='line_1_1' title="bbox 643 129 701 187; baseline 0 -1"><span class='ocrx_word' id='word_1_1' title='bbox 643 129 701 187; x_wconf 78' lang='lat'><strong>182</strong></span> 
     </span>
    </p>
   </div>
   <div class='ocr_carea' id='block_1_2' title="bbox 199 289 1138 920">
    <p class='ocr_par' dir='ltr' id='par_1_2' title="bbox 199 289 1138 920">
     <span class='ocr_line' id='line_1_2' title="bbox 233 289 1133 363; baseline -0.001 -16"><span class='ocrx_word' id='word_1_2' title='bbox 233 290 429 348; x_wconf 86' lang='lat' dir='ltr'><strong>Demonstrarc</strong></span> <span class='ocrx_word' id='word_1_3' title='bbox 453 305 518 343; x_wconf 82' lang='lat' dir='ltr'><strong>vero</strong></span> <span class='ocrx_word' id='word_1_4' title='bbox 536 289 608 361; x_wconf 87' lang='lat' dir='ltr'><strong>quod</strong></span> <span class='ocrx_word' id='word_1_5' title='bbox 628 289 657 346; x_wconf 93' lang='lat' dir='ltr'><strong>iu</strong></span> <span class='ocrx_word' id='word_1_6' title='bbox 676 293 776 346; x_wconf 88' lang='lat' dir='ltr'><strong>natura</strong></span> <span class='ocrx_word' id='word_1_7' title='bbox 789 307 888 363; x_wconf 88' lang='lat' dir='ltr'><strong>corpus</strong></span> <span class='ocrx_word' id='word_1_8' title='bbox 901 290 956 352; x_wconf 88' lang='lat' dir='ltr'><strong>sit.</strong></span> <span class='ocrx_word' id='word_1_9' title='bbox 978 289 1133 349; x_wconf 78' lang='lat' dir='ltr'><strong>difficilest·</strong></span> 
     </span>
     <span class='ocr_line' id='line_1_3' title="bbox 199 368 1135 445; baseline -0.001 -18"><span class='ocrx_word' id='word_1_10' title='bbox 199 371 242 427; x_wconf 87' lang='lat' dir='ltr'><strong>bis</strong></span> <span class='ocrx_word' id='word_1_11' title='bbox 260 386 316 424; x_wconf 90' lang='lat' dir='ltr'><strong>non</strong></span> <span class='ocrx_word' id='word_1_12' title='bbox 335 368 403 431; x_wconf 90' lang='lat' dir='ltr'><strong>erit,</strong></span> <span class='ocrx_word' id='word_1_13' title='bbox 429 369 581 424; x_wconf 76' lang='lat' dir='ltr'><strong>scientibus</strong></span> <span class='ocrx_word' id='word_1_14' title='bbox 600 371 673 442; x_wconf 93' lang='lat' dir='ltr'><strong>quod</strong></span> <span class='ocrx_word' id='word_1_15' title='bbox 693 370 805 442; x_wconf 89' lang='lat' dir='ltr'><strong>etquid</strong></span> <span class='ocrx_word' id='word_1_16' title='bbox 824 370 900 426; x_wconf 89' lang='lat' dir='ltr'><strong>Deus</strong></span> <span class='ocrx_word' id='word_1_17' title='bbox 920 371 975 436; x_wconf 71' lang='lat' dir='ltr'><strong>sit:</strong></span> <span class='ocrx_word' id='word_1_18' title='bbox 1004 388 1082 445; x_wconf 87' lang='lat' dir='ltr'><strong>quem</strong></span> <span class='ocrx_word' id='word_1_19' title='bbox 1096 370 1135 426; x_wconf 86' lang='lat' dir='ltr'><strong>de·</strong></span> 
     </span>
     <span class='ocr_line' id='line_1_4' title="bbox 199 447 1135 527; baseline 0.001 -21"><span class='ocrx_word' id='word_1_20' title='bbox 199 449 338 506; x_wconf 84' lang='lat' dir='ltr'><strong>finivimus</strong></span> <span class='ocrx_word' id='word_1_21' title='bbox 364 465 412 502; x_wconf 86' lang='lat' dir='ltr'><strong>cns</strong></span> <span class='ocrx_word' id='word_1_22' title='bbox 437 447 634 504; x_wconf 80' lang='lat' dir='ltr'><strong>attributorum</strong></span> <span class='ocrx_word' id='word_1_23' title='bbox 660 450 844 512; x_wconf 82' lang='lat' dir='ltr'><strong>infinitorum.</strong></span> <span class='ocrx_word' id='word_1_24' title='bbox 874 466 993 524; x_wconf 90' lang='lat' dir='ltr'><strong>quorum</strong></span> <span class='ocrx_word' id='word_1_25' title='bbox 1020 450 1135 527; x_wconf 79' lang='lat' dir='ltr'><strong>qucdqtc</strong></span> 
     </span>
     <span class='ocr_line' id='line_1_5' title="bbox 200 528 1135 602; baseline 0.001 -16"><span class='ocrx_word' id='word_1_26' title='bbox 200 529 337 586; x_wconf 87' lang='lat' dir='ltr'><strong>infinitum</strong></span> <span class='ocrx_word' id='word_1_27' title='bbox 366 528 570 602; x_wconf 82' lang='lat' dir='ltr'><strong>perfectumque</strong></span> <span class='ocrx_word' id='word_1_28' title='bbox 598 534 657 590; x_wconf 82' lang='lat' dir='ltr'><strong>cst;</strong></span> <span class='ocrx_word' id='word_1_29' title='bbox 686 533 714 583; x_wconf 86' lang='lat' dir='ltr'><strong>et</strong></span> <span class='ocrx_word' id='word_1_30' title='bbox 742 530 807 600; x_wconf 90' lang='lat' dir='ltr'><strong>quia</strong></span> <span class='ocrx_word' id='word_1_31' title='bbox 834 530 959 585; x_wconf 85' lang='lat' dir='ltr'><strong>extensio</strong></span> <span class='ocrx_word' id='word_1_32' title='bbox 983 530 1135 587; x_wconf 73' lang='lat' dir='ltr'><strong>struuntur</strong></span> 
     </span>
     <span class='ocr_line' id='line_1_6' title="bbox 200 607 1133 679; baseline 0.002 -15"><span class='ocrx_word' id='word_1_33' title='bbox 200 613 259 674; x_wconf 85' lang='lat' dir='ltr'><strong>cst,</strong></span> <span class='ocrx_word' id='word_1_34' title='bbox 287 607 360 679; x_wconf 86' lang='lat' dir='ltr'><strong>quod</strong></span> <span class='ocrx_word' id='word_1_35' title='bbox 387 607 416 662; x_wconf 91' lang='lat' dir='ltr'><strong>iu</strong></span> <span class='ocrx_word' id='word_1_36' title='bbox 444 625 542 679; x_wconf 85' lang='lat' dir='ltr'><strong>genere</strong></span> <span class='ocrx_word' id='word_1_37' title='bbox 570 626 620 663; x_wconf 94' lang='lat' dir='ltr'><strong>suo</strong></span> <span class='ocrx_word' id='word_1_38' title='bbox 644 607 782 663; x_wconf 86' lang='lat' dir='ltr'><strong>infinitum</strong></span> <span class='ocrx_word' id='word_1_39' title='bbox 801 626 860 664; x_wconf 89' lang='lat' dir='ltr'><strong>esse</strong></span> <span class='ocrx_word' id='word_1_40' title='bbox 878 608 1133 674; x_wconf 80' lang='lat' dir='ltr'><strong>demonstravimus,</strong></span> 
     </span>
     <span class='ocr_line' id='line_1_7' title="bbox 201 685 1136 765; baseline 0.003 -21"><span class='ocrx_word' id='word_1_41' title='bbox 201 704 310 744; x_wconf 87' lang='lat' dir='ltr'><strong>necesse</strong></span> <span class='ocrx_word' id='word_1_42' title='bbox 330 690 371 741; x_wconf 90' lang='lat' dir='ltr'><strong>est</strong></span> <span class='ocrx_word' id='word_1_43' title='bbox 389 685 465 741; x_wconf 89' lang='lat' dir='ltr'><strong>illam</strong></span> <span class='ocrx_word' id='word_1_44' title='bbox 484 705 593 762; x_wconf 88' lang='lat' dir='ltr'><strong>quoquc</strong></span> <span class='ocrx_word' id='word_1_45' title='bbox 612 687 694 760; x_wconf 90' lang='lat' dir='ltr'><strong>hujus</strong></span> <span class='ocrx_word' id='word_1_46' title='bbox 712 689 784 742; x_wconf 88' lang='lat' dir='ltr'><strong>eutis</strong></span> <span class='ocrx_word' id='word_1_47' title='bbox 803 706 861 744; x_wconf 87' lang='lat' dir='ltr'><strong>esse</strong></span> <span class='ocrx_word' id='word_1_48' title='bbox 879 689 1065 756; x_wconf 74' lang='lat' dir='ltr'><strong>attributum</strong></span> <span class='ocrx_word' id='word_1_49' title='bbox 1083 688 1136 765; x_wconf 69' lang='lat' dir='ltr'><strong>q&#39;uh</strong></span> 
     </span>
     <span class='ocr_line' id='line_1_8' title="bbox 201 766 1138 827; baseline 0.004 -5"><span class='ocrx_word' id='word_1_50' title='bbox 201 785 265 824; x_wconf 85' lang='lat' dir='ltr'><strong>vcro</strong></span> <span class='ocrx_word' id='word_1_51' title='bbox 293 768 375 822; x_wconf 87' lang='lat' dir='ltr'><strong>etism</strong></span> <span class='ocrx_word' id='word_1_52' title='bbox 400 767 646 823; x_wconf 83' lang='lat' dir='ltr'><strong>demonstravimus</strong></span> <span class='ocrx_word' id='word_1_53' title='bbox 674 784 722 822; x_wconf 93' lang='lat' dir='ltr'><strong>cns</strong></span> <span class='ocrx_word' id='word_1_54' title='bbox 750 767 818 822; x_wconf 93' lang='lat' dir='ltr'><strong>illud</strong></span> <span class='ocrx_word' id='word_1_55' title='bbox 845 767 983 824; x_wconf 84' lang='lat' dir='ltr'><strong>infinitum</strong></span> <span class='ocrx_word' id='word_1_56' title='bbox 1004 766 1138 827; x_wconf 75' lang='lat' dir='ltr'><strong>essentiale</strong></span> 
     </span>
     <span class='ocr_line' id='line_1_9' title="bbox 201 846 1061 920; baseline 0.003 -16"><span class='ocrx_word' id='word_1_57' title='bbox 201 866 277 911; x_wconf 84' lang='lat' dir='ltr'><strong>esse,</strong></span> <span class='ocrx_word' id='word_1_58' title='bbox 297 848 422 920; x_wconf 91' lang='lat' dir='ltr'><strong>sequitur</strong></span> <span class='ocrx_word' id='word_1_59' title='bbox 440 846 606 903; x_wconf 87' lang='lat' dir='ltr'><strong>attributum</strong></span> <span class='ocrx_word' id='word_1_60' title='bbox 624 846 706 902; x_wconf 89' lang='lat' dir='ltr'><strong>hocce</strong></span> <span class='ocrx_word' id='word_1_61' title='bbox 725 847 807 902; x_wconf 86' lang='lat' dir='ltr'><strong>etiam</strong></span> <span class='ocrx_word' id='word_1_62' title='bbox 827 865 885 903; x_wconf 85' lang='lat' dir='ltr'><strong>esse</strong></span> <span class='ocrx_word' id='word_1_63' title='bbox 904 849 1061 909; x_wconf 84' lang='lat' dir='ltr'><strong>essentiale.</strong></span> 
     </span>
    </p>
   </div>
   <div class='ocr_carea' id='block_1_3' title="bbox 203 1138 1173 1677">
    <p class='ocr_par' dir='ltr' id='par_1_3' title="bbox 203 1138 1173 1677">
     <span class='ocr_line' id='line_1_10' title="bbox 239 1138 1137 1202; baseline 0.001 -7"><span class='ocrx_word' id='word_1_64' title='bbox 239 1140 386 1195; x_wconf 86' lang='lat' dir='ltr'><strong>Praeterea</strong></span> <span class='ocrx_word' id='word_1_65' title='bbox 413 1155 475 1194; x_wconf 89' lang='lat' dir='ltr'><strong>cum</strong></span> <span class='ocrx_word' id='word_1_66' title='bbox 503 1138 585 1194; x_wconf 89' lang='lat' dir='ltr'><strong>etiam</strong></span> <span class='ocrx_word' id='word_1_67' title='bbox 611 1138 887 1196; x_wconf 74' lang='lat' dir='ltr'><strong>demonstraverimus</strong></span> <span class='ocrx_word' id='word_1_68' title='bbox 909 1144 989 1196; x_wconf 83' lang='lat' dir='ltr'><strong>extra</strong></span> <span class='ocrx_word' id='word_1_69' title='bbox 1007 1145 1137 1202; x_wconf 80' lang='lat' dir='ltr'><strong>naturam.</strong></span> 
     </span>
     <span class='ocr_line' id='line_1_11' title="bbox 203 1219 1140 1295; baseline -0.002 -17"><span class='ocrx_word' id='word_1_70' title='bbox 203 1239 273 1295; x_wconf 84' lang='lat' dir='ltr'><strong>quse</strong></span> <span class='ocrx_word' id='word_1_71' title='bbox 300 1219 408 1275; x_wconf 86' lang='lat' dir='ltr'><strong>infinita</strong></span> <span class='ocrx_word' id='word_1_72' title='bbox 426 1229 484 1286; x_wconf 88' lang='lat' dir='ltr'><strong>cst,</strong></span> <span class='ocrx_word' id='word_1_73' title='bbox 513 1219 620 1275; x_wconf 86' lang='lat' dir='ltr'><strong>nullum</strong></span> <span class='ocrx_word' id='word_1_74' title='bbox 639 1237 688 1274; x_wconf 83' lang='lat' dir='ltr'><strong>ens</strong></span> <span class='ocrx_word' id='word_1_75' title='bbox 707 1219 822 1275; x_wconf 80' lang='lat' dir='ltr'><strong>existere</strong></span> <span class='ocrx_word' id='word_1_76' title='bbox 841 1237 935 1290; x_wconf 85' lang='lat' dir='ltr'><strong>possa,</strong></span> <span class='ocrx_word' id='word_1_77' title='bbox 967 1220 1042 1276; x_wconf 86' lang='lat' dir='ltr'><strong>clarc</strong></span> <span class='ocrx_word' id='word_1_78' title='bbox 1059 1223 1140 1294; x_wconf 78' lang='lat' dir='ltr'><strong>patet,</strong></span> 
     </span>
     <span class='ocr_line' id='line_1_12' title="bbox 203 1298 1140 1372; baseline -0.001 -15"><span class='ocrx_word' id='word_1_79' title='bbox 203 1302 308 1357; x_wconf 85' lang='lat' dir='ltr'><strong>huncce</strong></span> <span class='ocrx_word' id='word_1_80' title='bbox 327 1301 448 1371; x_wconf 89' lang='lat' dir='ltr'><strong>corporis</strong></span> <span class='ocrx_word' id='word_1_81' title='bbox 467 1299 592 1355; x_wconf 80' lang='lat' dir='ltr'><strong>effectum</strong></span> <span class='ocrx_word' id='word_1_82' title='bbox 611 1317 666 1372; x_wconf 90' lang='lat' dir='ltr'><strong>quo</strong></span> <span class='ocrx_word' id='word_1_83' title='bbox 685 1298 899 1362; x_wconf 74' lang='lat' dir='ltr'><strong>consedimus,</strong></span> <span class='ocrx_word' id='word_1_84' title='bbox 919 1318 936 1355; x_wconf 83' lang='lat' dir='ltr'><strong>u</strong></span> <span class='ocrx_word' id='word_1_85' title='bbox 954 1299 1034 1356; x_wconf 81' lang='lat' dir='ltr'><strong>uuila</strong></span> <span class='ocrx_word' id='word_1_86' title='bbox 1053 1300 1140 1356; x_wconf 73' lang='lat' dir='ltr'><strong>aliero</strong></span> 
     </span>
     <span class='ocr_line' id='line_1_13' title="bbox 204 1379 1140 1454; baseline 0.002 -20"><span class='ocrx_word' id='word_1_87' title='bbox 204 1395 287 1454; x_wconf 89' lang='lat' dir='ltr'><strong>quam</strong></span> <span class='ocrx_word' id='word_1_88' title='bbox 306 1379 366 1449; x_wconf 88' lang='lat' dir='ltr'><strong>ipsa</strong></span> <span class='ocrx_word' id='word_1_89' title='bbox 385 1379 545 1434; x_wconf 86' lang='lat' dir='ltr'><strong>extensione</strong></span> <span class='ocrx_word' id='word_1_90' title='bbox 564 1381 708 1450; x_wconf 82' lang='lat' dir='ltr'><strong>procedere</strong></span> <span class='ocrx_word' id='word_1_91' title='bbox 727 1396 820 1449; x_wconf 86' lang='lat' dir='ltr'><strong>posse,</strong></span> <span class='ocrx_word' id='word_1_92' title='bbox 841 1396 891 1435; x_wconf 88' lang='lat' dir='ltr'><strong>uec</strong></span> <span class='ocrx_word' id='word_1_93' title='bbox 909 1379 944 1435; x_wconf 90' lang='lat' dir='ltr'><strong>ab</strong></span> <span class='ocrx_word' id='word_1_94' title='bbox 962 1380 1018 1436; x_wconf 87' lang='lat' dir='ltr'><strong>aiio</strong></span> <span class='ocrx_word' id='word_1_95' title='bbox 1033 1380 1140 1454; x_wconf 71' lang='lat' dir='ltr'><strong>quoda!</strong></span> 
     </span>
     <span class='ocr_line' id='line_1_14' title="bbox 204 1456 1140 1534; baseline -0.001 -18"><span class='ocrx_word' id='word_1_96' title='bbox 204 1460 277 1534; x_wconf 88' lang='lat' dir='ltr'><strong>quod</strong></span> <span class='ocrx_word' id='word_1_97' title='bbox 304 1460 454 1514; x_wconf 87' lang='lat' dir='ltr'><strong>eminenter</strong></span> <span class='ocrx_word' id='word_1_98' title='bbox 482 1457 537 1526; x_wconf 88' lang='lat' dir='ltr'><strong>(uti</strong></span> <span class='ocrx_word' id='word_1_99' title='bbox 565 1457 692 1512; x_wconf 89' lang='lat' dir='ltr'><strong>nonnulii</strong></span> <span class='ocrx_word' id='word_1_100' title='bbox 714 1456 824 1526; x_wconf 85' lang='lat' dir='ltr'><strong>volunt)</strong></span> <span class='ocrx_word' id='word_1_101' title='bbox 844 1456 945 1514; x_wconf 86' lang='lat' dir='ltr'><strong>hancce</strong></span> <span class='ocrx_word' id='word_1_102' title='bbox 964 1461 1140 1517; x_wconf 73' lang='lat' dir='ltr'><strong>extensionu</strong></span> 
     </span>
     <span class='ocr_line' id='line_1_15' title="bbox 204 1537 1173 1612; baseline -0.002 -16"><span class='ocrx_word' id='word_1_103' title='bbox 204 1541 319 1600; x_wconf 84' lang='lat' dir='ltr'><strong>habeat:</strong></span> <span class='ocrx_word' id='word_1_104' title='bbox 349 1539 414 1612; x_wconf 86' lang='lat' dir='ltr'><strong>quia</strong></span> <span class='ocrx_word' id='word_1_105' title='bbox 442 1538 497 1606; x_wconf 88' lang='lat' dir='ltr'><strong>(uti</strong></span> <span class='ocrx_word' id='word_1_106' title='bbox 525 1542 606 1592; x_wconf 86' lang='lat' dir='ltr'><strong>antea</strong></span> <span class='ocrx_word' id='word_1_107' title='bbox 628 1538 658 1593; x_wconf 90' lang='lat' dir='ltr'><strong>in</strong></span> <span class='ocrx_word' id='word_1_108' title='bbox 679 1537 765 1608; x_wconf 88' lang='lat' dir='ltr'><strong>primo</strong></span> <span class='ocrx_word' id='word_1_109' title='bbox 784 1538 873 1608; x_wconf 86' lang='lat' dir='ltr'><strong>capite</strong></span> <span class='ocrx_word' id='word_1_110' title='bbox 892 1537 1142 1608; x_wconf 73' lang='lat' dir='ltr'><strong>domonstravimus)</strong></span> <span class='ocrx_word' id='word_1_111' title='bbox 1172 1543 1173 1546; x_wconf 75' lang='grc'>’</span> 
     </span>
     <span class='ocr_line' id='line_1_16' title="bbox 208 1618 418 1677; baseline -0.019 -1"><span class='ocrx_word' id='word_1_112' title='bbox 208 1621 259 1677; x_wconf 91' lang='lat' dir='ltr'><strong>hoc</strong></span> <span class='ocrx_word' id='word_1_113' title='bbox 278 1618 347 1675; x_wconf 90' lang='lat' dir='ltr'><strong>nihil</strong></span> <span class='ocrx_word' id='word_1_114' title='bbox 366 1622 418 1674; x_wconf 89' lang='lat' dir='ltr'><strong>est.</strong></span> 
     </span>
    </p>
   </div>
   <div class='ocr_carea' id='block_1_4' title="bbox 206 1801 1177 2515">
    <p class='ocr_par' dir='ltr' id='par_1_4' title="bbox 206 1801 1177 2515">
     <span class='ocr_line' id='line_1_17' title="bbox 241 1801 1143 1877; baseline 0 -18"><span class='ocrx_word' id='word_1_115' title='bbox 241 1804 302 1859; x_wconf 85' lang='lat' dir='ltr'><strong>Jum</strong></span> <span class='ocrx_word' id='word_1_116' title='bbox 331 1803 417 1874; x_wconf 86' lang='lat' dir='ltr'><strong>igitur</strong></span> <span class='ocrx_word' id='word_1_117' title='bbox 435 1801 721 1862; x_wconf 84' lang='lat' dir='ltr'><strong>animadvertendum,</strong></span> <span class='ocrx_word' id='word_1_118' title='bbox 748 1818 841 1856; x_wconf 90' lang='lat' dir='ltr'><strong>omnes</strong></span> <span class='ocrx_word' id='word_1_119' title='bbox 860 1803 996 1867; x_wconf 82' lang='lat' dir='ltr'><strong>actiones,</strong></span> <span class='ocrx_word' id='word_1_120' title='bbox 1028 1820 1096 1877; x_wconf 78' lang='lat' dir='ltr'><strong>quus</strong></span> <span class='ocrx_word' id='word_1_121' title='bbox 1110 1802 1143 1858; x_wconf 77' lang='lat' dir='ltr'><strong>u·</strong></span> 
     </span>
     <span class='ocr_line' id='line_1_18' title="bbox 207 1881 1143 1953; baseline -0.001 -13"><span class='ocrx_word' id='word_1_122' title='bbox 207 1886 302 1940; x_wconf 84' lang='lat' dir='ltr'><strong>demus</strong></span> <span class='ocrx_word' id='word_1_123' title='bbox 330 1883 484 1938; x_wconf 82' lang='lat' dir='ltr'><strong>necessario</strong></span> <span class='ocrx_word' id='word_1_124' title='bbox 512 1881 546 1937; x_wconf 89' lang='lat' dir='ltr'><strong>ab</strong></span> <span class='ocrx_word' id='word_1_125' title='bbox 575 1881 733 1936; x_wconf 79' lang='lat' dir='ltr'><strong>extensione</strong></span> <span class='ocrx_word' id='word_1_126' title='bbox 761 1883 893 1953; x_wconf 83' lang='lat' dir='ltr'><strong>pendere,</strong></span> <span class='ocrx_word' id='word_1_127' title='bbox 927 1883 991 1939; x_wconf 88' lang='lat' dir='ltr'><strong>huic</strong></span> <span class='ocrx_word' id='word_1_128' title='bbox 1020 1882 1143 1939; x_wconf 80' lang='lat' dir='ltr'><strong>attributo</strong></span> 
     </span>
     <span class='ocr_line' id='line_1_19' title="bbox 213 1961 1144 2036; baseline -0.001 -17"><span class='ocrx_word' id='word_1_129' title='bbox 213 1963 329 2019; x_wconf 77' lang='lat' dir='ltr'><strong>adscribi</strong></span> <span class='ocrx_word' id='word_1_130' title='bbox 359 1963 471 2025; x_wconf 87' lang='lat' dir='ltr'><strong>debere,</strong></span> <span class='ocrx_word' id='word_1_131' title='bbox 502 1963 562 2016; x_wconf 87' lang='lat' dir='ltr'><strong>scil.</strong></span> <span class='ocrx_word' id='word_1_132' title='bbox 592 1965 693 2015; x_wconf 88' lang='lat' dir='ltr'><strong>motum</strong></span> <span class='ocrx_word' id='word_1_133' title='bbox 721 1966 749 2017; x_wconf 92' lang='lat' dir='ltr'><strong>ct</strong></span> <span class='ocrx_word' id='word_1_134' title='bbox 766 1963 896 2036; x_wconf 87' lang='lat' dir='ltr'><strong>quietem.</strong></span> <span class='ocrx_word' id='word_1_135' title='bbox 934 1962 1020 2023; x_wconf 78' lang='lat' dir='ltr'><strong>Quod</strong></span> <span class='ocrx_word' id='word_1_136' title='bbox 1040 1964 1064 2020; x_wconf 86' lang='lat' dir='ltr'><strong>si</strong></span> <span class='ocrx_word' id='word_1_137' title='bbox 1081 1961 1144 2018; x_wconf 76' lang='lat' dir='ltr'><strong>enin</strong></span> 
     </span>
     <span class='ocr_line' id='line_1_20' title="bbox 206 2041 1145 2116; baseline 0 -17"><span class='ocrx_word' id='word_1_138' title='bbox 206 2043 305 2115; x_wconf 86' lang='lat' dir='ltr'><strong>agendi</strong></span> <span class='ocrx_word' id='word_1_139' title='bbox 324 2041 388 2098; x_wconf 88' lang='lat' dir='ltr'><strong>iliae</strong></span> <span class='ocrx_word' id='word_1_140' title='bbox 407 2041 546 2113; x_wconf 87' lang='lat' dir='ltr'><strong>potentiae</strong></span> <span class='ocrx_word' id='word_1_141' title='bbox 564 2041 593 2096; x_wconf 90' lang='lat' dir='ltr'><strong>in</strong></span> <span class='ocrx_word' id='word_1_142' title='bbox 612 2043 711 2095; x_wconf 86' lang='lat' dir='ltr'><strong>natura</strong></span> <span class='ocrx_word' id='word_1_143' title='bbox 727 2058 781 2096; x_wconf 92' lang='lat' dir='ltr'><strong>non</strong></span> <span class='ocrx_word' id='word_1_144' title='bbox 795 2047 900 2104; x_wconf 82' lang='lat' dir='ltr'><strong>esseut,</strong></span> <span class='ocrx_word' id='word_1_145' title='bbox 921 2043 981 2098; x_wconf 86' lang='lat' dir='ltr'><strong>fieri</strong></span> <span class='ocrx_word' id='word_1_146' title='bbox 993 2061 1051 2099; x_wconf 91' lang='lat' dir='ltr'><strong>non</strong></span> <span class='ocrx_word' id='word_1_147' title='bbox 1064 2043 1145 2116; x_wconf 74' lang='lat' dir='ltr'><strong>posset</strong></span> 
     </span>
     <span class='ocr_line' id='line_1_21' title="bbox 207 2120 1177 2193; baseline -0.001 -15"><span class='ocrx_word' id='word_1_148' title='bbox 207 2123 271 2193; x_wconf 90' lang='lat' dir='ltr'><strong>(etsi</strong></span> <span class='ocrx_word' id='word_1_149' title='bbox 286 2123 314 2177; x_wconf 91' lang='lat' dir='ltr'><strong>in</strong></span> <span class='ocrx_word' id='word_1_150' title='bbox 327 2139 360 2176; x_wconf 88' lang='lat' dir='ltr'><strong>ea</strong></span> <span class='ocrx_word' id='word_1_151' title='bbox 373 2121 459 2175; x_wconf 87' lang='lat' dir='ltr'><strong>muita</strong></span> <span class='ocrx_word' id='word_1_152' title='bbox 470 2120 526 2175; x_wconf 85' lang='lat' dir='ltr'><strong>alia</strong></span> <span class='ocrx_word' id='word_1_153' title='bbox 539 2126 629 2175; x_wconf 89' lang='lat' dir='ltr'><strong>essent</strong></span> <span class='ocrx_word' id='word_1_154' title='bbox 641 2121 787 2191; x_wconf 79' lang='lat' dir='ltr'><strong>attributa)</strong></span> <span class='ocrx_word' id='word_1_155' title='bbox 798 2126 829 2177; x_wconf 90' lang='lat' dir='ltr'><strong>nt</strong></span> <span class='ocrx_word' id='word_1_156' title='bbox 839 2121 903 2177; x_wconf 87' lang='lat' dir='ltr'><strong>illae</strong></span> <span class='ocrx_word' id='word_1_157' title='bbox 913 2127 1014 2181; x_wconf 87' lang='lat' dir='ltr'><strong>essent.</strong></span> <span class='ocrx_word' id='word_1_158' title='bbox 1033 2120 1145 2179; x_wconf 73' lang='lat' dir='ltr'><strong>Utcnin</strong></span> <span class='ocrx_word' id='word_1_159' title='bbox 1170 2144 1177 2158; x_wconf 43' lang='lat'><strong>·1</strong></span> 
     </span>
     <span class='ocr_line' id='line_1_22' title="bbox 208 2199 1146 2275; baseline -0.002 -16"><span class='ocrx_word' id='word_1_160' title='bbox 208 2203 313 2275; x_wconf 87' lang='lat' dir='ltr'><strong>aliquid</strong></span> <span class='ocrx_word' id='word_1_161' title='bbox 332 2202 408 2257; x_wconf 90' lang='lat' dir='ltr'><strong>aliud</strong></span> <span class='ocrx_word' id='word_1_162' title='bbox 426 2202 492 2274; x_wconf 88' lang='lat' dir='ltr'><strong>quid</strong></span> <span class='ocrx_word' id='word_1_163' title='bbox 512 2202 661 2272; x_wconf 87' lang='lat' dir='ltr'><strong>producere</strong></span> <span class='ocrx_word' id='word_1_164' title='bbox 681 2200 783 2272; x_wconf 86' lang='lat' dir='ltr'><strong>possit,</strong></span> <span class='ocrx_word' id='word_1_165' title='bbox 803 2201 832 2255; x_wconf 93' lang='lat' dir='ltr'><strong>iu</strong></span> <span class='ocrx_word' id='word_1_166' title='bbox 845 2200 894 2256; x_wconf 92' lang='lat' dir='ltr'><strong>illo</strong></span> <span class='ocrx_word' id='word_1_167' title='bbox 907 2200 1047 2273; x_wconf 83' lang='lat' dir='ltr'><strong>quoddam</strong></span> <span class='ocrx_word' id='word_1_168' title='bbox 1061 2199 1146 2257; x_wconf 66' lang='lat' dir='ltr'><strong>suem</strong></span> 
     </span>
     <span class='ocr_line' id='line_1_23' title="bbox 209 2279 1147 2353; baseline -0.002 -15"><span class='ocrx_word' id='word_1_169' title='bbox 209 2282 307 2347; x_wconf 84' lang='lat' dir='ltr'><strong>debet,</strong></span> <span class='ocrx_word' id='word_1_170' title='bbox 327 2299 381 2353; x_wconf 89' lang='lat' dir='ltr'><strong>quo</strong></span> <span class='ocrx_word' id='word_1_171' title='bbox 400 2282 486 2352; x_wconf 85' lang='lat' dir='ltr'><strong>magis</strong></span> <span class='ocrx_word' id='word_1_172' title='bbox 505 2298 584 2352; x_wconf 89' lang='lat' dir='ltr'><strong>quam</strong></span> <span class='ocrx_word' id='word_1_173' title='bbox 605 2280 660 2335; x_wconf 86' lang='lat' dir='ltr'><strong>ulia</strong></span> <span class='ocrx_word' id='word_1_174' title='bbox 678 2297 721 2334; x_wconf 84' lang='lat' dir='ltr'><strong>res</strong></span> <span class='ocrx_word' id='word_1_175' title='bbox 739 2280 789 2336; x_wconf 90' lang='lat' dir='ltr'><strong>hoc</strong></span> <span class='ocrx_word' id='word_1_176' title='bbox 802 2280 951 2352; x_wconf 90' lang='lat' dir='ltr'><strong>producere</strong></span> <span class='ocrx_word' id='word_1_177' title='bbox 964 2284 1058 2353; x_wconf 89' lang='lat' dir='ltr'><strong>queat.</strong></span> <span class='ocrx_word' id='word_1_178' title='bbox 1079 2279 1147 2338; x_wconf 75' lang='lat' dir='ltr'><strong>Idan</strong></span> 
     </span>
     <span class='ocr_line' id='line_1_24' title="bbox 209 2360 1150 2435; baseline -0.004 -18"><span class='ocrx_word' id='word_1_179' title='bbox 209 2380 273 2417; x_wconf 82' lang='lat' dir='ltr'><strong>vero</strong></span> <span class='ocrx_word' id='word_1_180' title='bbox 291 2362 365 2435; x_wconf 89' lang='lat' dir='ltr'><strong>quod</strong></span> <span class='ocrx_word' id='word_1_181' title='bbox 384 2361 428 2417; x_wconf 90' lang='lat' dir='ltr'><strong>hic</strong></span> <span class='ocrx_word' id='word_1_182' title='bbox 447 2362 480 2415; x_wconf 87' lang='lat' dir='ltr'><strong>dc</strong></span> <span class='ocrx_word' id='word_1_183' title='bbox 499 2361 660 2416; x_wconf 87' lang='lat' dir='ltr'><strong>extensione</strong></span> <span class='ocrx_word' id='word_1_184' title='bbox 679 2360 812 2423; x_wconf 86' lang='lat' dir='ltr'><strong>dicimos,</strong></span> <span class='ocrx_word' id='word_1_185' title='bbox 832 2361 915 2417; x_wconf 85' lang='lat' dir='ltr'><strong>etiarn</strong></span> <span class='ocrx_word' id='word_1_186' title='bbox 934 2361 969 2415; x_wconf 89' lang='lat' dir='ltr'><strong>de</strong></span> <span class='ocrx_word' id='word_1_187' title='bbox 987 2362 1150 2434; x_wconf 75' lang='lat' dir='ltr'><strong>cogitatione</strong></span> 
     </span>
     <span class='ocr_line' id='line_1_25' title="bbox 208 2437 720 2515; baseline -0.002 -18"><span class='ocrx_word' id='word_1_188' title='bbox 208 2443 296 2515; x_wconf 86' lang='lat' dir='ltr'><strong>deque</strong></span> <span class='ocrx_word' id='word_1_189' title='bbox 314 2441 388 2497; x_wconf 89' lang='lat' dir='ltr'><strong>omui</strong></span> <span class='ocrx_word' id='word_1_190' title='bbox 407 2441 479 2513; x_wconf 89' lang='lat' dir='ltr'><strong>quod</strong></span> <span class='ocrx_word' id='word_1_191' title='bbox 498 2446 540 2495; x_wconf 87' lang='lat' dir='ltr'><strong>est</strong></span> <span class='ocrx_word' id='word_1_192' title='bbox 558 2441 613 2495; x_wconf 92' lang='lat' dir='ltr'><strong>dici</strong></span> <span class='ocrx_word' id='word_1_193' title='bbox 631 2437 720 2496; x_wconf 88' lang='lat' dir='ltr'><strong>debet.</strong></span> 
     </span>
    </p>
   </div>
   <div class='ocr_carea' id='block_1_5' title="bbox 210 2755 1155 2989">
    <p class='ocr_par' dir='ltr' id='par_1_5' title="bbox 210 2755 1155 2989">
     <span class='ocr_line' id='line_1_26' title="bbox 245 2755 1152 2822; baseline -0.002 -4"><span class='ocrx_word' id='word_1_194' title='bbox 245 2764 331 2820; x_wconf 90' lang='lat' dir='ltr'><strong>Porro</strong></span> <span class='ocrx_word' id='word_1_195' title='bbox 364 2756 654 2822; x_wconf 87' lang='lat' dir='ltr'><strong>animadvertendum,</strong></span> <span class='ocrx_word' id='word_1_196' title='bbox 684 2755 754 2811; x_wconf 84' lang='lat' dir='ltr'><strong>nihii</strong></span> <span class='ocrx_word' id='word_1_197' title='bbox 783 2757 811 2811; x_wconf 92' lang='lat' dir='ltr'><strong>in</strong></span> <span class='ocrx_word' id='word_1_198' title='bbox 841 2755 920 2811; x_wconf 89' lang='lat' dir='ltr'><strong>nobis</strong></span> <span class='ocrx_word' id='word_1_199' title='bbox 948 2773 1008 2811; x_wconf 83' lang='lat' dir='ltr'><strong>essa</strong></span> <span class='ocrx_word' id='word_1_200' title='bbox 1032 2757 1086 2815; x_wconf 83' lang='lat' dir='ltr'><strong>nisi</strong></span> <span class='ocrx_word' id='word_1_201' title='bbox 1112 2773 1152 2816; x_wconf 75' lang='lat' dir='ltr'><strong>oa·</strong></span> 
     </span>
     <span class='ocr_line' id='line_1_27' title="bbox 211 2835 1155 2915; baseline -0.003 -18"><span class='ocrx_word' id='word_1_202' title='bbox 211 2843 258 2915; x_wconf 87' lang='lat' dir='ltr'><strong>jus</strong></span> <span class='ocrx_word' id='word_1_203' title='bbox 288 2839 390 2896; x_wconf 90' lang='lat' dir='ltr'><strong>conscii</strong></span> <span class='ocrx_word' id='word_1_204' title='bbox 419 2838 476 2893; x_wconf 87' lang='lat' dir='ltr'><strong>fieri</strong></span> <span class='ocrx_word' id='word_1_205' title='bbox 495 2853 642 2909; x_wconf 86' lang='lat' dir='ltr'><strong>queamus:</strong></span> <span class='ocrx_word' id='word_1_206' title='bbox 674 2836 715 2891; x_wconf 87' lang='lat' dir='ltr'><strong>ita</strong></span> <span class='ocrx_word' id='word_1_207' title='bbox 733 2840 779 2898; x_wconf 85' lang='lat' dir='ltr'><strong>ut.</strong></span> <span class='ocrx_word' id='word_1_208' title='bbox 810 2836 920 2908; x_wconf 85' lang='lat' dir='ltr'><strong>quando</strong></span> <span class='ocrx_word' id='word_1_209' title='bbox 945 2838 1105 2907; x_wconf 83' lang='lat' dir='ltr'><strong>experimur</strong></span> <span class='ocrx_word' id='word_1_210' title='bbox 1120 2835 1155 2893; x_wconf 86' lang='lat' dir='ltr'><strong>ui·</strong></span> 
     </span>
     <span class='ocr_line' id='line_1_28' title="bbox 210 2915 1153 2989; baseline -0.004 -9"><span class='ocrx_word' id='word_1_211' title='bbox 210 2923 249 2981; x_wconf 89' lang='lat' dir='ltr'><strong>hil</strong></span> <span class='ocrx_word' id='word_1_212' title='bbox 277 2922 306 2976; x_wconf 93' lang='lat' dir='ltr'><strong>in</strong></span> <span class='ocrx_word' id='word_1_213' title='bbox 335 2918 415 2975; x_wconf 85' lang='lat' dir='ltr'><strong>nobis</strong></span> <span class='ocrx_word' id='word_1_214' title='bbox 439 2935 498 2972; x_wconf 86' lang='lat' dir='ltr'><strong>csse</strong></span> <span class='ocrx_word' id='word_1_215' title='bbox 517 2916 570 2972; x_wconf 91' lang='lat' dir='ltr'><strong>uisi</strong></span> <span class='ocrx_word' id='word_1_216' title='bbox 591 2915 767 2987; x_wconf 83' lang='lat' dir='ltr'><strong>cogitationis</strong></span> <span class='ocrx_word' id='word_1_217' title='bbox 786 2916 1012 2989; x_wconf 79' lang='lat' dir='ltr'><strong>extensionisque</strong></span> <span class='ocrx_word' id='word_1_218' title='bbox 1033 2919 1153 2983; x_wconf 68' lang='lat' dir='ltr'><strong>edoctu,</strong></span> 
     </span>
    </p>
   </div>
   <div class='ocr_carea' id='block_1_6' title="bbox 0 0 1198 3412">
    <p class='ocr_par' dir='ltr' id='par_1_6' title="bbox 0 0 1198 3412">
     <span class='ocr_line' id='line_1_29' title="bbox 0 0 1198 3412; baseline 0 0"><span class='ocrx_word' id='word_1_219' title='bbox 0 0 1198 3412; x_wconf 95' lang='lat' dir='ltr'><strong> </strong></span> 
     </span>
    </p>
   </div>
  </div>
 </body>
</html>
